3026 4876
244 245 290 309 44
642 242 1033 300 remurmuremus
1146 307 1152 318 ,

246 407 378 491 pietatis
411 426 488 470 suae
519 427 624 490 neque
656 427 696 470 ex
727 425 779 468 me
810 425 914 490 neque
951 427 970 468 a
1002 405 1123 489 populo
1155 403 1304 469 Romano
1322 404 1433 470 .ferrc

246 495 348 578 licuit,
371 517 390 558 a
412 493 594 579 propinquo
609 515 667 558 suo
682 514 826 558 socerum
842 514 934 557 suum
956 493 1142 578 flagitabat3
1167 493 1276 558 omnia
1290 497 1433 558 senatus

195 586 233 644 82
247 582 412 666 reiciebat,
434 582 498 646 nisi
522 581 560 645 de
583 603 634 645 me
656 582 796 665 primum
816 581 965 646 consules
988 583 1197 646 rettulissent.
1243 603 1327 668 quae
1354 603 1433 646 cum

194 675 228 725 69
247 693 299 735 res
330 672 396 736 iam
428 670 577 734 manibus
614 671 778 734 teneretur
811 671 858 750 [et
889 690 962 734 eum
996 671 1144 735 consules
1180 669 1433 752 provinciarum

247 761 397 844 pactione
426 758 612 822 libertatem
640 778 769 823 omnem
795 755 1024 841 perdidissent,
1056 757 1111 842 qui
1144 779 1217 822 cum
1244 758 1279 823 in
1307 761 1455 822 senatus

248 847 368 931 privati
390 855 426 911 ut
448 847 487 911 de
505 868 557 910 me
581 845 757 910 sententias
782 844 926 912 dicerent
948 845 1164 930 flagitabant],
1186 845 1293 930 legem
1315 846 1373 910 illi
1399 867 1432 910 se

249 933 398 1000 Clodiam
424 935 539 998 timere
567 933 731 1017 dicebant3
763 955 834 997 cum
864 934 926 998 hoc
953 955 1019 998 non
1047 936 1182 1018 possent
1208 934 1274 998 iam
1301 934 1432 998 diutius
1475 975 1476 1026 ,

250 1025 418 1107 sustinere,
440 1022 540 1086 initur
553 1021 724 1087 consilium
742 1021 780 1086 de
794 1022 929 1086 interitu
943 1019 1001 1087 Cn.
1014 1020 1162 1106 Pompei:
1181 1044 1244 1106 quo
1258 1022 1432 1106 patefacto
1475 1047 1476 1118 p

203 1133 209 1141 “
249 1112 398 1195 ferroque
421 1110 621 1194 deprehenso
639 1110 695 1174 ille
718 1110 863 1175 inclusus
887 1110 975 1177 domi
997 1113 1066 1174 tam
1085 1110 1140 1174 diu
1162 1110 1225 1174 fuit
1240 1107 1349 1195 ‘quam
1376 1109 1433 1174 diu
1475 1125 1476 1146 ¹

249 1198 399 1264 inimicus
436 1219 526 1262 meus
562 1199 597 1262 in
632 1199 810 1263 tribunatu.
864 1198 903 1262 de
939 1220 1011 1263 meo
1048 1199 1153 1263 reditu
1191 1202 1263 1264 octo
1300 1199 1465 1262 tribunis

249 1288 549 1372 promulgaverimt:
585 1308 625 1350 ex
657 1308 720 1370 quo
757 1287 958 1351 intellectum
995 1289 1044 1350 est
1079 1308 1146 1353 non
1181 1287 1263 1350 mihi
1295 1287 1433 1351 absenti
1475 1269 1476 1338 l

251 1375 388 1440 crevisse
420 1375 541 1439 amicos
572 1375 607 1438 in
638 1395 677 1438 ea
706 1373 897 1458 praesertim
929 1375 1077 1459 fortuna,
1113 1375 1148 1440 in
1180 1395 1245 1459 qua
1275 1373 1433 1444 nonnulli

251 1464 358 1546 etiam,
381 1484 462 1547 quos
481 1484 551 1526 esse
569 1465 768 1544 putaveram,
790 1483 859 1528 non
881 1465 975 1527 erant
994 1462 1124 1547 -,.sed
1140 1485 1198 1542 ecs
1220 1464 1431 1530 voluntatem

252 1564 378 1634 semper
396 1550 539 1635 eandem,
560 1550 745 1614 libertatem
767 1551 992 1630 noneendem
1012 1571 1141 1634 semper
1159 1551 1328 1618 habuisse:
1349 1573 1432 1616 nam

252 1660 291 1702 ex
302 1659 420 1703 novem
433 1637 584 1722 tribunis,
597 1659 678 1723 quos
689 1641 765 1703 ante
778 1636 969 1724 habueram,
978 1661 1061 1704 unus
1075 1659 1127 1703 me
1137 1639 1270 1704 absente
1283 1639 1432 1722 defluxit,
1445 1641 1476 1699 sl

252 1727 306 1811 qui
343 1747 523 1812 cognomen
560 1726 623 1792 sibi
660 1749 698 1792 ex
736 1725 906 1792 Aeliorum
943 1727 1140 1812 imaginibus
1174 1727 1330 1814 adripuit,
1366 1749 1432 1810 quo

253 1917 286 1954 ere
304 1916 345 1954 me
362 1898 526 1954 bezeichnet
548 1900 594 1955 ein
611 1899 811 1956 innerlicheres
868 1900 929 1954 ‘das
939 1898 1067 1955 Gewicht
1081 1900 1174 1955 dieser
1192 1901 1357 1970 Forderung
1372 1901 1432 1954 lan·

253 1970 428 2025 Verhtltniss
447 1970 489 2023 als
508 1988 527 2024 u
542 1986 606 2038 pop.
625 1969 715 2038 (Koch
734 1969 808 2040 ex).l
865 1987 915 2040 ger
924 1970 1067 2040 ertragen’
1088 1973 1172 2040 (130),
1184 1970 1251 2026 oder
1265 1971 1433 2039 ‘sieldnger

200 2047 234 2095 69
289 2040 417 2094 madibus
430 2044 493 2106 tea,
509 2040 557 2094 ‘da
571 2039 616 2095 die
627 2041 717 2095 Sache
725 2042 811 2095 sehon
865 2041 1022 2095 aufhalten’
1035 2043 1099 2110 (87).
1117 2051 1121 2110 Ι
1138 2041 1261 2110 Pompei,
1275 2042 1325 2096 der
1338 2040 1433 2096 durch

253 2110 284 2164 in
298 2110 343 2164 die
356 2110 440 2166 Hand
453 2127 621 2180 genommen
634 2111 713 2176 war'3
730 2111 810 2166 Ture.
866 2109 961 2166 seinen
988 2110 1108 2166 llinfluss
1126 2111 1187 2166 ihre
1214 2112 1302 2167 Pldne
1325 2112 1432 2167 durch·
1475 2113 1476 2120 ’

254 2189 279 2250 5,
300 2187 333 2236 18
350 2181 514 2251 philosophi
535 2197 729 2250 quamcunque
752 2197 811 2235 rem
865 2181 993 2236 kreuzte:
1007 2185 1011 2252 Ι
1027 2197 1081 2250 quo
1094 2183 1249 2251 patefacte,
1273 2199 1320 2236 am
1340 2184 1433 2236 11ten

253 2252 361 2307 habent
381 2251 412 2306 in
434 2251 577 2320 manibus,
600 2252 630 2305 in
653 2268 716 2306 eam
739 2268 812 2321 quae
865 2253 978 2322 August
1000 2252 1096 2307 wurde
1118 2251 1159 2306 irll
1178 2252 1288 2308 Vcrhof
1309 2253 1359 2308 des
1380 2251 1433 2306 Ca-

255 2322 424 2377 conveniunt
438 2324 593 2391 congerunt
607 2321 713 2387 omnia3
728 2323 813 2376 Acad.
868 2322 1060 2392 stortempcls,
1083 2323 1126 2378 uls
1146 2323 1297 2393 Pompejus
1322 2322 1385 2377 sich
1404 2320 1434 2374 in

254 2394 326 2462 post.
346 2398 371 2460 1,
391 2399 407 2446 2
425 2391 517 2446 haheo
540 2408 609 2461 opus
632 2409 766 2463 magnum
784 2393 814 2446 in
868 2393 923 2446 den
945 2392 1031 2448 Senot
1058 2393 1164 2464 begab,
1188 2394 1234 2448 ein
1257 2394 1357 2449 Sclave
1383 2393 1434 2446 des

254 2462 396 2528 manibus3
423 2462 459 2516 de
487 2464 589 2516 senect.
619 2468 653 2516 38
679 2463 814 2531 septimus
868 2463 982 2518 Clodius
1005 2463 1058 2517 mit
1076 2464 1168 2518 einem
1186 2463 1278 2520 Dolch
1298 2463 1432 2534 ergriffen

255 2532 327 2586 mihi
346 2533 421 2586 liber
441 2531 588 2601 Originum
610 2534 654 2588 est
675 2532 706 2588 in
727 2532 815 2586 mani·
868 2533 926 2587 und
935 2533 1011 2588 eines
1020 2533 1235 2590 Mordversuchs
1247 2551 1337 2606 gegen
1346 2535 1433 2589 Pom·

254 2603 314 2657 bus.
332 2602 336 2672 Ι
352 2608 378 2656 et
400 2619 461 2656 cmc
483 2604 605 2657 consules
626 2621 653 2658 u
672 2621 692 2656 s.
711 2621 744 2658 w.
783 2604 832 2676 ln,
868 2603 950 2672 pejus
960 2603 1130 2674 beatichtigt.
1147 2607 1152 2674 Ι
1168 2606 1292 2660 inclusus
1300 2606 1367 2672 fuit,
1378 2604 1432 2658 wie

134 2689 139 2696 ·
256 2675 311 2728 den
324 2673 386 2728 Hsr.
403 2673 442 2728 ist
460 2673 506 2727 ein
520 2673 633 2743 Unding
651 2690 706 2729 von
720 2673 814 2728 Perio-
869 2679 903 2728 55
917 2674 1113 2744 promulgatae
1127 2675 1248 2731 fuerunt.
1265 2676 1269 2747 1
1281 2676 1434 2745 prunum,

256 2745 291 2799 de
309 2743 490 2812 fiberliefert3
514 2745 586 2799 auch
608 2742 638 2798 in
661 2745 716 2798 den
734 2745 815 2799 Worss
870 2761 916 2800 am
931 2751 973 2799 29.
986 2744 1057 2815 Oet,
1076 2746 1181 2800 adAtt.
1192 2753 1217 2813 3,
1228 2753 1271 2815 23,
1284 2754 1307 2800 1.
1332 2745 1434 2800 Cicero

255 2819 305 2870 ten
332 2815 420 2869 selbst
446 2814 510 2869 sind
532 2830 628 2885 grosse
652 2813 816 2885 Schwierig·
870 2833 929 2869 war
946 2815 1000 2870 mit
1013 2814 1106 2870 dieser
1123 2817 1278 2886 Rogati0n‚
1302 2816 1346 2871 die
1371 2816 1433 2870 ihm

255 2884 433 2940 liciter—so
446 2884 484 2938 ist
493 2901 556 2938 cum
566 2885 596 2939 in
607 2902 664 2940 sen.
683 2885 817 2954 privati
870 2905 923 2940 nur
936 2886 1123 2956 Bfirgerrecht
1140 2888 1197 2942 und
1214 2887 1297 2956 Rang
1316 2886 1434 2941 wieder-

259 2955 466 3024 ..flagitabant
484 2972 555 3025 gana
573 2955 816 3022 unverstdndlich;
870 2957 939 3026 gab,
958 2957 1038 3012 nicht
1056 2958 1120 3011 sehr
1138 2956 1386 3022 nutrimentum
1400 2985 1432 2994 —

257 3026 321 3080 dem
345 3025 413 3080 Sinu
440 3044 467 3081 u.
496 3026 642 3080 Ausdruck
669 3025 817 3096 geschieht
870 3028 979 3082 amicos.
1021 3027 1089 3081 Wer
1111 3045 1144 3080 zu
1167 3026 1289 3094 glauben
1315 3026 1434 3105 geneigt

257 3097 348 3167 vdllig
366 3097 481 3167 Gendge
500 3097 589 3150 durch
604 3096 817 3167 Ausscheidung
870 3101 954 3166 were,
972 3097 1037 3150 dass
1054 3096 1130 3150 mein
1143 3093 1274 3164 ngluclr
1288 3113 1342 3148 mir
1359 3112 1434 3152 neue

258 3168 308 3221 der
321 3167 591 3236 eingeklammerten
604 3168 694 3234 Setae,
708 3167 815 3221 welche
869 3167 997 3221 Freunde
1007 3182 1159 3236 gewonneu
1169 3165 1252 3234 habe,
1262 3165 1316 3220 den
1323 3165 1434 3221 hennte

258 3238 334 3292 wohl
365 3237 411 3291 die
444 3238 685 3291 unverstandenen
720 3235 816 3291 Worte
869 3237 920 3290 das
937 3236 1059 3305 Beispiel
1081 3236 1130 3290 des
1153 3235 1249 3292 Aelius
1271 3236 1359 3306 Ligus
1383 3238 1432 3292 be-

258 3321 300 3361 ree
318 3324 391 3360 mua.
410 3311 462 3361 teu.
480 3307 507 3360 Z.
523 3313 540 3360 4
559 3307 687 3362 erkltren
705 3307 815 3361 sollten.
854 3307 975 3375 lehren,
993 3307 1057 3360 dass
1071 3307 1151 3361 nicht
1159 3307 1219 3362 dies
1228 3307 1278 3361 der
1287 3307 1351 3360 Fall
1363 3321 1432 3374 war,

258 3377 315 3431 Der
337 3376 403 3431 Sata
425 3381 450 3429 et
468 3419 474 3431 .
495 3377 702 3445 perdidissent
727 3377 817 3446 hatte,
871 3376 990 3431 sondern
1015 3376 1060 3432 die
1082 3377 1240 3432 vielfachen
1263 3377 1431 3432 Bestrebuu-

257 3447 395 3529 trotzdem
413 3463 445 3501 er
457 3447 582 3502 sachlich
595 3446 675 3529 nicht
689 3447 743 3501 den
759 3447 817 3502 ein·
870 3463 926 3531 gen
944 3466 978 3501 au
997 3447 1109 3502 meinen
1128 3447 1257 3503 Gunsten.
1275 3466 1328 3502 nur
1351 3448 1432 3503 datin

258 3517 819 3671 lulagdndddllllbld‘hllrlsldmallglbdurldbelllg
870 3517 950 3642 liberem
957 3517 1432 3671 Hldlllbllltreltldrlwd'esdalsffbmbbllrb

279 3659 407 3714 eschrckt
430 3660 480 3727 ist,
504 3660 683 3714 berbehalten
705 3659 819 3714 werden
872 3676 983 3714 meroen
1006 3660 1083 3715 alten
1105 3659 1251 3715 Freunden
1278 3675 1324 3714 em
1349 3660 1431 3713 freier

259 3677 379 3798 {dnnem
393 3730 474 3784 hatte
489 3729 548 3785 dies
557 3729 637 3785 nicht
649 3731 819 3801 dliuumbg-
873 3729 1102 3800 Wirkungskreis
1117 3730 1235 3786 erdffuet
1247 3730 1350 3784 wurde.
1361 3728 1364 3801 l
1374 3745 1432 3784 uon

259 3801 316 3855 lich
331 3801 471 3870 gemacht.
499 3800 608 3856 Anders
622 3801 694 3856 Phil.
706 3807 746 3868 13,
757 3800 817 3872 tel
873 3807 953 3856 daut
970 3801 1028 3856 scil.
1048 3801 1141 3870 amici,
1159 3801 1213 3856 wie
1232 3806 1267 3856 64
1285 3817 1357 3868 quae
1375 3816 1430 3854 non

260 3872 489 3926 addicerent
508 3897 542 3917 =
561 3873 594 3926 ut
612 3871 703 3928 dicere
722 3872 820 3927 liceret
872 3870 935 3926 fuit.
953 3874 957 3939 Ι
972 3889 1038 3926 uam
1056 3873 1125 3942 geht
1143 3871 1193 3925 auf
1208 3885 1265 3925 noa
1279 3887 1346 3926 creo.
1362 3869 1429 3938 arud

260 3943 334 3998 nach
351 3942 594 4011 vorhergehender
607 3942 820 3998 Berichterstat·
873 3942 999 4010 defluxit,
1020 3959 1050 3996 cr
1063 3942 1155 3996 verlor
1169 3941 1237 3996 sich.
1253 3943 1257 4010 Ι
1273 3956 1431 4010 eopncmea:

260 4017 332 4084 tung
359 4014 409 4068 der
433 4012 572 4069 Consuln?
598 4015 602 4080 Ι
627 4013 708 4082 tepere
735 4012 819 4078 Clod,
873 4028 903 4066 er
917 4012 1028 4082 eignete
1043 4011 1102 4066 sich
1115 4013 1170 4066 den
1183 4011 1430 4136 Beinamenligus

260 4101 358 4152 wegen
377 4084 427 4139 der
443 4083 573 4150 Klausel‚
599 4083 643 4138 die
659 4084 745 4154 J‘eden
762 4085 818 4136 An-
871 4082 1021 4137 tblschlich
1047 4099 1096 4149 an,
1128 4083 1218 4137 demit
1245 4099 1275 4136 er
1302 4081 1351 4136 der
1403 4098 1431 4136 e-

261 4155 325 4224 trag
340 4155 391 4209 aul
397 4153 646 4224 Zurdckberufung
659 4155 708 4208 des
723 4153 818 4209 Cicero
872 4153 1003 4208 rfihmten
1020 4152 1139 4208 Familie
1158 4153 1207 4207 der
1224 4151 1300 4208 Aelii
1315 4152 1430 4220 Ligures

261 4223 818 4295 verhotlaudtueraaufrechterhalten,
872 4224 1066 4294 anzugehtrcn
1107 4224 1211 4279 schien.
1274 4222 1330 4278 Cic.
1366 4224 1430 4277 aber

260 4295 310 4349 boc
320 4294 374 4348 den
384 4295 537 4362 Vorwand3
550 4295 590 4350 sie
599 4294 758 4350 fdrchteten
767 4296 818 4349 das
872 4294 981 4350 schieht
1006 4295 1064 4350 ihm
1092 4293 1214 4349 ironisch
1241 4292 1287 4348 die
1314 4293 1431 4348 Absicht

263 4365 410 4421 Clodische
421 4364 529 4422 Gesetz.
552 4366 817 4422 Andereerlrldren:
872 4367 966 4435 unter,
985 4365 1049 4420 dass
1068 4382 1099 4420 er
1116 4383 1150 4420 zu
1168 4366 1224 4419 den
1241 4380 1341 4435 wegen
1358 4364 1430 4419 ihrer
