3026 4876
212 221 252 286 72
601 223 638 278 hl.
657 222 781 278 TULLII
800 221 990 278 CICERONIS

210 386 343 450 sedebat
365 385 578 468 exanimatus3
606 388 640 448 et
660 385 704 469 is,
731 385 786 470 qui
813 389 910 450 antea
937 389 1105 450 cantorum
1133 384 1277 450 convicio
1302 406 1380 450 oon·
1492 435 1493 462 Ι

210 475 314 539 tiones
339 475 500 539 celebrare
523 495 598 539 suas
622 474 756 552 solebat,
779 477 949 539 cantorum
970 474 1115 558 ipsorum
1137 474 1269 540 vocibus
1285 473 1379 538 cicic—
1492 507 1493 518 ι

210 563 313 629 batur.
359 566 391 628 et
412 563 565 648 quoniam
586 562 674 627 facta
696 563 819 628 mentio
842 566 891 627 est
912 563 1071 648 ludorum,
1092 585 1134 628 ne
1156 563 1235 628 illud
1249 562 1380 647 quidem
1492 563 1493 636 ἶ

208 652 472 736 praetermittam,
490 651 525 716 in
538 671 657 736 magna
670 652 825 716 varietate
840 651 1073 716 sententiarum
1085 662 1261 735 numquam
1274 651 1380 715 ullum
1492 667 1493 672 ’

208 741 308 805 fuisse
330 741 446 824 locum,
468 742 504 804 in
526 762 589 824 quo
613 740 735 824 aliquid
758 762 778 804 a
800 743 898 823 poeta
920 739 1041 804 dictum
1064 741 1177 805 cadere
1199 741 1234 804 in
1248 744 1408 823 tempusa

208 833 355 896 nostrum
376 829 551 913 videretur,
580 829 665 913 quod
693 832 749 893 aut
775 829 931 914 populum
956 829 1141 894 universum
1168 829 1295 914 fugeret
1322 831 1381 894 aut

158 933 275 983 119n0n
298 919 490 1002 exprimeret
512 918 581 1001 ipse
605 920 703 982 actor.
744 921 782 983 et
800 939 917 1001 quaeso
940 917 1002 982 hoo
1025 918 1060 982 in
1081 918 1163 1001 loco,
1185 917 1314 1001 iudices,
1337 938 1380 982 nc

210 1029 273 1091 qua
293 1008 424 1072 levitate
447 1028 498 1070 me
512 1005 645 1071 ductum
659 1006 699 1070 ad
721 1005 889 1071 insolitum
904 1027 1005 1091 genus
1019 1006 1144 1072 dicendi
1162 1007 1229 1070 labi
1247 1006 1380 1090 putatia,

158 1096 238 1167 tesi
260 1096 298 1160 de
321 1097 439 1180 poetis,
464 1095 503 1160 de
525 1095 753 1178 histrionibus,
780 1095 818 1159 de
841 1095 926 1160 ludis
949 1096 983 1160 in
1005 1095 1123 1161 iudicio
1145 1096 1268 1179 loquar.
1312 1117 1380 1160 non

210 1207 281 1250 sum
303 1188 373 1249 tam
394 1185 539 1270 ignarus,
562 1184 697 1267 iudices,
719 1205 901 1263 causarum,
928 1206 996 1248 non
1018 1188 1086 1250 tam
1107 1184 1253 1250 insolens
1275 1183 1311 1246 in
1334 1183 1423 1248 di-10

210 1273 320 1357 cando,
342 1277 379 1338 ut
402 1273 492 1338 omni
514 1294 552 1337 ex
575 1293 691 1358 genere
714 1272 893 1337 orationem
906 1294 1045 1355 aucuper
1068 1276 1101 1337 ct
1114 1273 1219 1338 omnis
1237 1273 1379 1356 undique

209 1362 360 1426 flosculos
392 1383 522 1445 carpam
554 1364 649 1444 atque
681 1361 829 1425 delibem.
877 1361 943 1425 scio
977 1361 1053 1444 quid
1085 1362 1228 1446 gravitas
1261 1364 1380 1444 vestra,
1492 1433 1493 1440 Ι

209 1450 287 1534 quid
319 1450 399 1514 hacc
431 1449 612 1532 advocatio,
644 1448 721 1533 quid
750 1450 804 1514 ille
836 1453 1026 1533 conventus,
1058 1450 1135 1534 quid
1167 1450 1310 1535 dignitas
1342 1448 1379 1513 P.

210 1537 321 1622 Sestii,
347 1538 424 1623 quid
445 1537 580 1622 periculi
603 1539 807 1624 magnitud0,
834 1539 911 1623 quid
934 1541 1037 1624 aetas,
1062 1539 1138 1622 quid
1159 1539 1265 1604 honos
1288 1561 1379 1604 meus
1492 1591 1493 1610 .

209 1628 366 1710 postulet:
381 1626 437 1691 sed
451 1626 531 1690 mihi
546 1628 668 1710 sumpsi
681 1627 744 1692 hoc
756 1628 833 1692 loco.
843 1626 1023 1692 doctrinam
1037 1627 1198 1712 quandam
1211 1628 1380 1708 iuventuti,
1395 1644 1420 1684 1⁵
1492 1683 1493 1696 .

165 1711 168 1722 ’
210 1716 265 1799 qui
288 1718 395 1781 essent
409 1715 590 1798 optimates,
628 1717 662 1780 in
685 1737 724 1780 ea
738 1716 925 1800 explicanda
948 1716 1232 1782 demonstrandum
1246 1720 1296 1781 est
1312 1739 1380 1780 non
1492 1795 1493 1798 Ἴ

99 1866 104 1878 ,
210 1825 280 1869 esse
301 1803 467 1889 popularis
491 1803 674 1887 omissos,
697 1805 752 1888 qui
773 1807 942 1888 putentur:
965 1805 998 1868 id
1020 1805 1174 1870 facillime
1191 1827 1381 1890 consequar,

211 1895 238 1958 si
264 1893 406 1959 universi
438 1893 550 1976 populi
580 1892 734 1958 iudicium
760 1915 871 1957 verum
903 1896 936 1957 et
966 1894 1189 1977 incorruptum
1216 1898 1249 1958 et
1275 1895 1303 1958 si
1331 1894 1381 1958 in-

159 1983 306 2047 lactimos
331 2003 442 2046 sensus
466 1981 605 2046 civitatis
629 2002 825 2066 expressero.
861 1982 937 2066 quid
960 1982 1022 2046 fuit
1045 1983 1133 2066 illud,
1156 1983 1242 2066 quod
1259 1983 1381 2047 recenti

210 2071 325 2136 nuntio
354 2071 392 2134 de
419 2070 475 2134 illo
504 2074 635 2135 senatus
663 2071 824 2154 consulto,
856 2071 942 2154 quod
969 2071 1091 2136 factum
1119 2074 1169 2140 est
1196 2072 1232 2136 in
1258 2073 1381 2154 templo
1396 2089 1422 2128 ιι
1492 2103 1493 2146 1

210 2160 360 2245 Virtutis,
375 2158 413 2223 ad
427 2159 521 2223 ludos
536 2181 747 2244 scaenamque
761 2160 896 2244 perlate,
914 2181 1065 2224 consessu
1079 2161 1220 2225 maximo
1236 2182 1380 2224 summus

211 2249 328 2313 artifex
352 2250 385 2311 et
402 2269 453 2312 me
474 2247 603 2312 hercule
627 2269 752 2332 semper
773 2248 916 2332 partium
934 2249 973 2312 in
994 2270 1030 2312 re
1052 2248 1181 2333 publica
1202 2251 1381 2333 tamquam
1492 2289 1493 2310 ι

211 2339 246 2401 in
269 2358 385 2401 scaena
408 2337 616 2419 optimarum,
643 2337 723 2400 flens
747 2339 781 2400 et
802 2337 923 2401 recenti
945 2337 1071 2402 laetitia
1093 2341 1126 2401 et
1147 2338 1248 2402 mixto
1271 2337 1381 2403 dolore

113 2499 114 2503 Ι
154 2501 161 2515 .
212 2447 249 2489 ac
271 2423 428 2489 desiderio
452 2425 528 2508 mei,
558 2424 625 2510 egit
648 2425 688 2488 ad
714 2426 870 2509 populum
893 2423 1076 2490 Romanum
1099 2427 1202 2491 multo
1227 2426 1380 2512 gravicni

211 2515 273 2579 bus
287 2514 394 2578 verbis
408 2534 514 2577 meam
528 2535 668 2592 causam,
691 2536 788 2598 quam
802 2516 932 2598 egomet
945 2514 983 2578 de
998 2536 1049 2579 me
1064 2535 1159 2600 agere
1182 2515 1380 2600 potuissem?
1395 2534 1420 2574 2⁵

213 2602 330 2668 summi
351 2602 436 2666 enim
463 2605 579 2688 poetae
605 2602 771 2687 ingenium
793 2624 861 2667 non
887 2602 991 2668 solum
1014 2607 1083 2667 arte
1106 2625 1177 2682 sua,
1205 2603 1381 2669 sedetiam

212 2693 321 2757 dolore
345 2690 552 2776 exprimebat.
598 2714 661 2776 qua
683 2691 771 2756 enim
793 2692 826 2755 vi

424 2779 494 2866 ‘qur‘
514 2780 770 2864 rempublicam
793 2781 900 2856 animo
924 2783 1011 2845 certo
1035 2781 1193 2846 adiuverit

436 2869 586 2934 statuerit
608 2868 737 2934 steterit
759 2891 832 2934 cum
854 2867 1012 2953 Achivis‚'

197 3045 259 3100 ¹des
270 3043 386 3100 Stdckes
399 3043 457 3114 hin,
471 3043 517 3099 die
530 3043 769 3114 Handbewegung
822 3044 934 3108 olivam.
955 3044 1021 3099 ‘den
1038 3043 1127 3098 durch
1140 3043 1314 3113 Abpfldclrsn
1326 3060 1381 3098 von

212 3116 260 3171 des
270 3115 477 3186 Schauspielers
491 3115 541 3170 auf
547 3115 669 3170 Clodius.
685 3117 689 3183 Ι
705 3132 768 3170 coo
822 3116 898 3171 allen
908 3115 1002 3170 Seiten
1013 3115 1099 3169 schon
1108 3115 1309 3170 blatterarmcn
1319 3114 1381 3169 Oel-

211 3192 301 3241 tcrwm
314 3217 348 3226 -
363 3192 514 3252 ramam,
533 3185 683 3241 ‘Schneier’
696 3185 768 3256 (Cla
823 3185 932 3256 zwcig'.
959 3187 964 3248 Ι
986 3191 1076 3240 cestra
1099 3215 1133 3226 —
1157 3202 1231 3240 cono.
1259 3185 1380 3253 Richter,

212 3258 277 3326 que)
300 3287 333 3296 -
363 3257 501 3326 ‘Senger'.
522 3259 527 3324 Ι
547 3258 707 3322 cinctam,
734 3257 769 3311 dc
822 3256 1062 3326 representircnde
1076 3256 1205 3312 lhcnndc
1222 3258 1380 3324 (advocati),

212 3344 250 3384 or.
270 3333 295 3396 3,
315 3333 367 3382 196
386 3327 472 3396 quid?
499 3327 553 3382 hoc
571 3344 627 3381 non
644 3327 717 3382 idem
736 3327 770 3382 fit
822 3327 976 3382 Publicum.
999 3329 1002 3394 Ι
1022 3328 1160 3382 irremoti
1182 3327 1219 3382 ist
1237 3344 1292 3385 von
1314 3329 1381 3382 mdc

211 3398 242 3453 in
263 3398 391 3465 vocibus,
420 3399 453 3452 ut
481 3415 499 3452 a
529 3396 708 3453 multitudine
741 3400 770 3453 et
822 3399 927 3467 smnpsa'
949 3399 1033 3453 doctr.
1056 3398 1201 3469 abhtngig
1219 3423 1252 3444 --·
1270 3398 1380 3454 institui
1492 3459 1493 3470 Ι

166 3489 174 3504 ·
211 3469 397 3539 ροριιῙοιιιοιι
423 3468 507 3524 modo
529 3471 657 3524 catervae
683 3470 769 3538 atque
822 3469 1116 3524 dooereiuventutem.
1132 3475 1136 3540 Ι
1152 3471 1379 3536 adunassemus,
1492 3503 1493 3532 Ι

213 3541 363 3596 concentus
373 3541 423 3594 sed
435 3540 519 3595 etiam
535 3540 589 3610 ipsi
604 3539 770 3610 sibisinguli
823 3546 866 3596 22.
883 3543 887 3610 Ι

213 3611 403 3680 discrepantes
435 3610 587 3666 eiciantur?
608 3614 612 3681 Ι
635 3611 708 3681 quod
734 3629 769 3666 au
858 3613 925 3681 qaid
952 3613 1009 3679 ficit
1031 3613 1107 3667 illud
1129 3613 1214 3682 qaod,
1239 3611 1292 3666 wie
1314 3611 1429 3666 kam120

213 3685 272 3752 fay.
286 3681 459 3752 Nominativ,
475 3701 509 3736 zu
523 3699 598 3752 capr.
612 3682 768 3738 Accusativ.
823 3699 866 3753 es,
892 3683 955 3738 dass
974 3709 1008 3728 ==
1028 3683 1108 3753 jener
1125 3682 1263 3736 Umstand
1281 3683 1380 3751 sprach

213 3753 276 3808 Wir
301 3753 416 3808 wurden
438 3755 510 3808 nach
535 3771 651 3808 unserer
676 3753 771 3809 Weiss
824 3753 949 3809 deutlich
970 3771 1071 3824 genug.
1092 3757 1096 3821 Ι
1117 3755 1172 3808 lud.
1196 3769 1379 3823 somnumque,

213 3843 248 3880 au
261 3824 345 3880 roden
358 3825 431 3894 quod
444 3825 768 3897 vcrcadcrcerwarten.l
824 3843 859 3879 au
885 3831 935 3880 106
954 3843 980 3894 g.
1004 3824 1036 3879 Ε.
1057 3827 1061 3891 Ι
1082 3825 1197 3890 caifan,
1220 3824 1354 3893 Aesopus.
1374 3824 1378 3896 Ι

214 3897 322 3966 aliquid
343 3914 378 3950 uu
396 3912 423 3965 p.
444 3900 491 3963 19,
514 3903 556 3952 22.
578 3900 582 3965 Ι
603 3898 769 3962 anteactae,
822 3897 854 3950 a'a
876 3898 917 3950 rei
930 3913 960 3964 p.
985 3901 1123 3964 tcosqaam
1142 3895 1174 3948 io
1191 3911 1304 3962 eccam,
1322 3896 1377 3950 chi-

213 3967 364 4022 bosonders
381 3966 622 4036 hervorgehoben;
642 3973 701 4022 119.
718 3973 770 4021 124
823 3966 928 4022 astisch
949 3967 994 4020 su'r
1011 3967 1071 4020 tam
1090 3966 1134 4034 (=
1152 3981 1209 4020 non
1227 3966 1330 4035 minus)
1352 3966 1380 4020 in

215 4037 362 4107 (dreimal).
379 4039 384 4107 Ι
399 4039 566 4107 coprimcret,
585 4038 750 4094 hervorhob.
763 4037 767 4108 Ι
823 4054 852 4092 ra
866 4055 892 4106 p.
909 4054 993 4107 quam
1007 4036 1037 4090 in
1051 4052 1165 4102 scaena;
1180 4038 1216 4092 ad
1225 4038 1283 4093 Att.
1292 4036 1341 4106 Vl,
1357 4044 1380 4103 1,

164 4126 213 4176 119
250 4109 283 4163 ia
299 4110 417 4175 iudicio,
435 4125 486 4166 vor
504 4107 625 4164 Gericht.
647 4111 652 4178 Ι
671 4109 769 4173 oratio,
824 4108 930 4177 oquod
947 4107 1029 4163 video
1046 4107 1102 4162 tibi
1119 4108 1205 4162 etiam
1221 4125 1324 4164 novum
1338 4124 1380 4162 ac-

215 4179 365 4236 Redcstoff.
382 4183 387 4248 Ι
402 4197 523 4249 carpam,
535 4178 641 4248 passim
655 4195 769 4249 carpan-
824 4179 991 4234 cidissetam
1001 4195 1086 4248 quam
1095 4179 1173 4234 mihi.
1184 4179 1290 4251 lmioetc,
1303 4185 1380 4234 nam-
1492 4197 1493 4252 3

214 4251 273 4304 tem
291 4252 321 4304 ct
334 4251 512 4322 colligentem
527 4250 660 4319 undiquc,
677 4250 712 4305 de
730 4267 769 4305 or.
823 4249 880 4305 lich
900 4267 963 4305 cum
981 4249 1098 4306 laetitia.
1116 4253 1120 4320 Ι
1136 4253 1198 4320 epit,
1216 4249 1258 4303 als
1277 4249 1380 4303 Schau-
1492 4261 1493 4288 1

217 4327 307 4388 1,19;
330 4321 457 4392 dagegen
475 4322 521 4377 bei
538 4322 604 4378 Hor.
623 4337 646 4376 c.
664 4321 690 4390 1,
710 4327 769 4392 ’1,’1
824 4321 926 4391 spicler
951 4322 1008 4376 und
1030 4323 1150 4376 Anwalt.
1176 4327 1234 4374 122.
1255 4319 1259 4390 Ι
1283 4321 1380 4387 dolore,

216 4391 770 4463 undiquedecerptamfiontiprasponere
824 4390 1380 4462 durchseinesigeneleidcnschaftlicha
1492 4415 1493 4418 ¹
