3026 4876
414 223 486 278 PRO
504 223 535 278 P.
554 221 681 280 SESTIO
700 223 837 278 ORATIO
858 230 972 279 71-74.
1239 228 1282 292 47

110 385 309 469 exspectatio
332 385 457 468 populi,
484 385 540 471 qui
562 405 738 450 concursus
764 386 945 470 legatorum
972 407 1012 452 ex
1032 386 1130 452 Italia
1159 393 1285 474 cuncta,

111 495 193 558 quae
223 473 340 557 virtus,
370 472 469 558 aetio,
496 473 641 557 gravitas
668 472 704 538 P.
731 473 861 538 Lentuli
888 475 1029 540 consulis
1058 475 1172 560 fuerit,
1201 499 1284 563 quae

109 563 209 629 etiam
227 561 382 646 conlegae
405 561 473 626 eius
492 561 669 626 moderatio
692 566 730 626 de
753 583 817 628 me:
841 562 993 647 quicum
1010 563 1197 630 inimicitias
1220 566 1282 632 sibi

109 671 236 714 mecum
255 670 293 714 ex
316 649 530 733 reipublicae
551 649 753 716 dissensione
777 653 942 734 susceptas
966 673 1036 716 esse
1060 651 1203 737 dixisset,
1227 677 1281 720 eas

77 757 145 802 sse
168 738 315 822 patribus
335 737 525 821 conscriptis
545 737 625 804 dixit
647 741 681 807 et
693 738 893 822 temporibus
916 740 963 804 rei
976 739 1124 824 publicae
1146 743 1282 825 permis-

110 847 229 890 surum.
278 829 348 892 tum
377 827 526 910 princeps
553 829 686 910 rogatus
718 827 914 892 sententiam
940 825 976 892 I..
1004 825 1100 899 Cotta
1133 827 1214 894 dixit
1239 830 1282 915 id,
1301 885 1334 933 ,3

109 914 195 999 quod
222 914 450 999 dignissimum
476 935 510 980 re
544 915 675 998 publice
707 913 781 991 fuit,
813 914 895 978 nihil
929 915 968 980 ds
994 937 1047 980 me
1074 914 1184 982 actum
1211 940 1281 984 esse

108 1002 188 1086 iure,
210 1002 294 1068 nihil
312 1025 401 1068 more
419 1003 587 1086 maiorum,
608 1002 691 1068 nihil
713 1003 853 1087 legibus,
876 1025 943 1068 non
970 1025 1065 1088 posse
1088 1027 1283 1090 quemquam

109 1089 148 1154 de
171 1091 301 1156 civitate
324 1091 396 1156 tolli
416 1090 486 1156 sine
500 1091 631 1174 iudici03
654 1091 694 1154 de
716 1092 821 1174 capite
843 1113 910 1156 non
932 1093 1029 1157 modo
1052 1092 1139 1178 ferri,
1162 1095 1218 1158 sed
1240 1116 1282 1160 ne

61 1197 94 1238 ro
108 1179 244 1244 iudicari
262 1179 391 1262 quidem
408 1201 504 1262 posse
522 1179 586 1246 nisi
606 1179 745 1244 comitiis
759 1179 960 1262 centuriatim
983 1181 1049 1245 vim
1068 1181 1168 1246 fuisse
1182 1182 1282 1266 illam,

1495 1325 1496 1368 l

1296 793 1334 849 84

108 1267 272 1332 flammam
301 1271 474 1352 quassatas
501 1267 549 1332 rei
575 1267 723 1351 publicae
746 1268 1071 1353 perturbatorumque
1097 1273 1282 1354 temporum

108 1355 178 1422 iure
192 1355 383 1440 iudiciisque
397 1355 548 1440 sublatis3
565 1375 685 1440 magna
697 1377 806 1420 rerum
820 1357 1060 1440 permutatione
1074 1358 1281 1441 impendente

109 1443 287 1508 declinasse
306 1466 358 1508 me
381 1445 515 1528 paulum
537 1447 571 1508 et
593 1466 649 1528 spe
662 1445 806 1528 reliquae
829 1445 1078 1528 tranquillitatis
1101 1449 1283 1530 praesentis

108 1532 224 1598 fluetus
239 1535 529 1618 tempestatemque
543 1532 679 1618 fugisse:
695 1553 803 1617 quare,
817 1554 889 1598 cum
903 1533 1020 1600 absens
1035 1555 1104 1598 rem
1117 1535 1283 1618 publicam

58 1636 89 1678 1⁵
106 1642 172 1686 non
198 1621 305 1686 minus
332 1621 459 1706 magnis
486 1620 638 1704 periculis
666 1642 764 1704 quam
791 1621 930 1704 quodam
959 1625 1104 1705 tempore
1125 1635 1280 1706 praesens

106 1709 309 1792 liberassem,
332 1731 401 1774 non
420 1709 550 1774 restitui
572 1730 624 1772 me
647 1709 767 1792 solum,
791 1708 848 1774 sed
871 1709 969 1773 etiam
992 1711 1100 1775 omari
1123 1733 1143 1775 a
1166 1715 1283 1777 senatu

107 1797 228 1862 decere.
277 1793 454 1880 disputavit
482 1797 580 1862 etiam
613 1796 716 1862 multa
741 1796 929 1880 prudenter,
961 1797 1008 1862 ita
1040 1797 1080 1862 de
1106 1819 1158 1862 me
1189 1799 1281 1863 illum

108 1884 366 1950 amentissimum
381 1889 415 1950 et
436 1885 737 1970 profligatissimum
754 1884 882 1950 hostem
905 1885 1038 1968 pudoris
1053 1889 1085 1950 et
1107 1885 1281 1970 pudicitiae

109 1974 275 2058 scripsisse
289 1995 372 2058 quae
387 1973 577 2058 scripsisset,
599 1974 646 2038 eis
660 1973 776 2057 verbis,
798 1973 904 2057 rebus,
920 1974 1100 2058 sententiis,
1122 1977 1169 2059 ut,
1182 1975 1280 2040 etiam

62 2079 92 2119 20
110 2062 138 2126 si
160 2061 239 2128 iure⁴
252 2065 339 2126 esset
367 2065 534 2146 rogatum,
560 2065 671 2126 tamen
697 2063 763 2126 vim
790 2061 909 2126 habere
936 2083 1003 2127 non
1028 2067 1153 2146 posset:
1182 2085 1281 2148 quare

109 2171 174 2233 me,
201 2150 257 2234 qui
283 2150 375 2216 nulla
401 2150 472 2236 lege
499 2151 662 2233 abessem,
688 2171 757 2216 non
783 2151 911 2214 restitui
939 2151 1025 2236 lege,
1054 2150 1111 2216 sed
1138 2153 1281 2217 revocari

109 2242 241 2302 senatus
269 2238 463 2303 auctoritate
486 2242 643 2322 oportere.
688 2239 774 2303 hunc
800 2259 896 2302 nemo
918 2242 988 2303 erat
1010 2239 1088 2322 quin
1115 2240 1280 2304 verissime
1300 2259 1349 2308 rs·
1402 2277 1405 2282 .

109 2327 229 2391 sentire
252 2325 384 2411 diceret;
409 2326 464 2390 sed
487 2330 563 2411 post
586 2349 659 2391 eum
680 2330 815 2411 rogatus
834 2323 892 2390 Cn.
909 2325 1082 2410 Pompeius
1101 2329 1282 2412 approbata

108 2414 304 2498 laudataque
323 2412 438 2480 Cottae
462 2414 624 2480 sententia
647 2415 728 2480 dixit
751 2436 821 2480 sese
843 2415 901 2478 otii
919 2416 983 2479 mei
1006 2436 1112 2500 causa,
1134 2419 1171 2480 ut
1194 2417 1282 2481 omni

109 2589 208 2644 audita
229 2589 305 2656 dico,
329 2593 379 2642 122
398 2587 429 2644 n.
453 2588 458 2656 l
478 2589 615 2659 msdepac,
634 2589 665 2656 Q.
719 2588 801 2644 keine
832 2607 879 2658 qu.
904 2605 981 2658 perp.
1008 2588 1141 2654 hestand‚
1162 2589 1282 2646 factisch

108 2659 239 2714 Metellus
266 2657 374 2728 Nepos,
402 2657 501 2714 Vetter
529 2660 578 2716 des
605 2637 666 2715 Glo-
719 2660 788 2714 aber
797 2675 827 2714 so
837 2661 889 2740 gut
897 2659 951 2712 wie
963 2658 1107 2726 antiquitt.
1116 2661 1128 2740 Ιί
1144 2661 1282 2726 flammam

109 2729 340 2800 diuslds'sssase'o
353 2731 435 2799 reip.
448 2729 493 2783 fiir
506 2729 536 2784 in
550 2730 618 2786 oder
631 2730 666 2784 de
719 2731 761 2784 τεο·
783 2746 827 2797 p.:
852 2728 900 2782 dre
926 2729 1067 2797 Flamma,
1095 2729 1140 2782 dre
1164 2729 1194 2784 in
1217 2730 1282 2786 dem

108 2818 179 2870 rep.
195 2797 281 2870 (106),
300 2800 354 2869 sig.
372 2799 568 2855 verschiedens
582 2801 665 2854 Beur·
720 2799 997 2854 sturmdurehtobten
1012 2798 1221 2854 Gemeinweseu
1239 2801 1281 2868 (iu

108 2871 238 2940 theilung
251 2871 302 2924 der
314 2869 483 2939 politisehen
496 2871 586 2940 Lage3
602 2887 666 2925 con·
719 2869 771 2924 illa
783 2870 953 2938 tempestate
962 2869 1003 2926 r'ei
1012 2869 1151 2939 publicae,
1164 2888 1191 2940 p.
1202 2869 1286 2926 Sulla

108 2941 248 2997 tentiones
264 2939 306 2996 rei
323 2958 351 3010 p.
367 2945 425 2996 130.
442 2940 667 3010 lpermissarum,
720 2943 765 3022 59)
783 2939 918 3023 wdthete,
935 2941 1018 2995 hatte
1036 2939 1108 2994 auch
1124 2939 1220 2996 Cicero
1239 2958 1281 2996 er-

109 3011 237 3146 asti
253 3018 342 3151 aa
360 3011 599 3136 ...ts
615 3027 666 3153 {a
720 3009 1281 3163 causanctantae&
1374 3113 1377 3120 .

110 3153 202 3208 blicae
221 3152 397 3209 concessisse.
414 3155 419 3222 Ι
579 3210 581 3216 ,
721 3152 877 3206 turbatione
896 3151 1076 3220 impendente
1089 3152 1196 3221 sprreht
1214 3169 1280 3220 per-

53 3227 89 3275 '13
144 3225 178 3278 L.
208 3224 302 3289 Getta,
330 3221 434 3279 Consul
462 3228 509 3290 66,
536 3223 593 3306 gab
625 3223 668 3278 als
721 3223 793 3277 turb
807 3221 1283 3294 tcmp.Z.11.lpuodamtempore=-

108 3294 208 3350 Prttor
221 3293 267 3349 die
280 3294 326 3348 lex
335 3293 449 3348 Aurelia
461 3293 607 3350 iudiciaria
619 3293 668 3350 des
722 3293 874 3364 quondam
886 3298 929 3348 91.
946 3294 950 3363 Ι
966 3294 1067 3362 despuet.
1080 3294 1282 3362 -prudeutea

109 3365 209 3419 Jahres
228 3370 270 3418 70.
287 3367 291 3430 Ι
307 3365 511 3434 dipabsimam,
528 3370 562 3419 87
582 3363 614 3420 n.
633 3365 668 3419 de
724 3369 765 3420 14.
786 3367 790 3434 Ι
811 3365 951 3433 scripsisse
974 3380 1044 3434 quac
1068 3364 1231 3432 scripsisset,
1253 3383 1280 3434 p.

109 3436 192 3491 domo
216 3440 250 3489 68
273 3433 305 3490 E.
322 3427 432 3503 [feni.
447 3436 591 3491 ‚iudicari
613 3452 669 3491 von
721 3431 780 3488 Mil.
817 3440 852 3488 45
889 3437 976 3505 negat
1016 3433 1136 3505 ingratis
1176 3434 1287 3490 civibus

109 3505 255 3560 derselben
285 3504 509 3588 Angelegeuheit
542 3506 577 3560 de
613 3504 669 3576 leg.
722 3505 821 3560 lesisse
849 3521 878 3559 se
904 3520 976 3573 quse
999 3504 1109 3570 fecemt3
1133 3505 1169 3558 ad
1194 3505 1225 3570 Q.
1247 3505 1281 3562 fr.

109 3581 179 3646 3,46
193 3592 283 3645 neque
297 3574 540 3646 trrbutacapitis
555 3576 671 3632 comitia
722 3581 749 3644 2,
776 3581 801 3644 3,
820 3581 850 3642 3;
869 3573 960 3630 Thulr.
980 3581 1005 3642 6,
1029 3581 1071 3644 75,
1095 3581 1111 3628 3
1131 3565 1205 3642 ἦσαν
1228 3571 1284 3645 γὰρ

108 3649 173 3702 rata
189 3663 249 3705 esse
271 3662 352 3716 posse
371 3663 462 3715 neque
484 3645 545 3700 ulla
567 3645 671 3714 (weder
723 3639 845 3700 ὕποπτοι
868 3639 965 3707 αὐτοῖς
988 3641 1019 3700 ol
1034 3649 1226 3716 Καμαριναῖοι
1243 3643 1281 3716 μὴ

108 3718 220 3773 tributa
233 3717 306 3772 noch
330 3715 496 3786 centuriata)
513 3715 671 3840 {risilegiir
723 3711 879 3786 προθύμως
898 3712 1075 3786 ...πέμψαι
1097 3709 1117 3770 ἃ
1140 3709 1288 3786 ἔπεμψαν..

109 3789 156 3844 ein
182 3789 282 3844 Gssetr
299 3804 390 3858 gegen
413 3786 495 3842 sinen
543 3785 671 3842 inaelnsu
726 3786 826 3858 lime:
858 3789 933 3842 wtre
965 3787 1037 3840 auch
1064 3785 1206 3842 mater-icil
1237 3787 1281 3841 ein

109 3859 189 3913 dfirfe
212 3859 370 3929 uberhaupt
386 3857 466 3912 nicht
482 3857 512 3912 iu
530 3856 670 3913 Comitien
723 3857 832 3911 solcher
846 3855 993 3912 Besohluss
1010 3857 1133 3928 zultssig
1165 3873 1282 3924 sussen,

110 3928 237 4000 gegeben
250 3930 370 3998 werden,
387 3928 449 3985 eine
463 3928 670 4000 Aburtheilung
723 3944 753 3981 so
780 3927 860 3982 hsta
888 3927 961 3982 doch
988 3927 1033 3982 die
1064 3875 1284 3997 Formlosigkeit

110 3999 284 4055 aberkbnne
297 4015 350 4053 nur
361 3999 393 4054 in
406 3999 570 4069 Centuriat,
589 3998 670 4054 nicht
722 3997 774 4052 ihu
804 3997 936 4070 uugtsstig
962 3999 1102 4069 gemacht.
1123 4001 1282 4067 tropetensi,
1356 4035 1366 4052 .

110 4071 140 4125 in
171 4068 404 4124 Tributeomitien
438 4071 613 4135 ststtbaben3
641 4087 668 4139 p.
723 4075 766 4123 62.
789 4074 899 4124 scamus
924 4071 1087 4124 οοοοοοίοοοο
1109 4067 1196 4122 durch
1220 4067 1282 4122 eine

110 4147 153 4210 41,
177 4145 219 4195 20.
261 4139 322 4212 Eia¹
341 4139 450 4195 solches
471 4139 671 4211 Vollurgerieht
723 4137 850 4195 einfache
908 4139 1180 4208 Willeuserkltrung
1233 4135 1282 4194 des

73 4273 78 4284 ,
109 4229 169 4267 war
178 4209 288 4266 seitder
297 4207 461 4264 Einriohtun
475 4209 669 4292 ,derquaesti
724 4209 837 4281 Senatu,
859 4209 983 4294 insofern
1005 4209 1078 4292 auch
1101 4209 1146 4292 ein
1169 4209 1283 4264 senatus

110 4280 532 4422 ildalldllissalffllall
546 4300 601 4406 lli
623 4281 670 4406 di
723 4277 1288 4422 llllllllasildllllihdldd
