3026 4876
202 277 248 344 54
592 271 637 327 'n
658 269 782 326 runnu
801 264 993 324 dioscorus

203 440 347 506 nondum
361 459 412 502 res
426 437 498 521 ipsa
512 433 553 501 ad
567 435 636 500 eius
650 432 739 499 modi
752 429 913 516 praesidia
924 429 1012 494 viros
1026 429 1130 494 bonos
1144 425 1387 512 compellebat?

204 528 292 614 pulsi
316 548 377 592 nos
401 546 536 608 eramus,
557 544 625 588 non
648 521 779 592 omnino
803 520 868 592 ista
889 539 989 583 manu
1012 517 1091 601 sola,
1115 516 1171 581 sed
1192 519 1388 582 tamennon

151 635 187 686 85
206 618 274 683 sine
290 616 380 681 ista:
415 635 473 680 vos
504 611 598 678 taciti
629 609 834 676 maerebatis.
879 609 1009 690 captum
1042 593 1112 670 erat
1142 604 1249 669 forum
1280 605 1386 684 [anno

208 704 399 789 superiore],
435 702 514 768 aede
546 699 690 766 Castoris
725 701 893 781 tamquam
930 716 1003 760 arce
1037 694 1147 778 aliqua
1184 715 1204 758 a
1235 691 1385 777 fugitivis

206 796 375 878 occupata:
399 791 564 857 silebatur.
605 786 717 853 omnia
729 785 898 851 hominurn
915 805 988 848 cum
1003 784 1147 868 egestate
1161 784 1232 846 tum
1246 780 1416 845 audacias
1487 785 1488 854 ξ

204 883 405 968 perditorum
418 881 569 962 clamore,
582 897 749 959 concursu,
762 874 805 958 vi,
818 894 917 975 manu
930 871 1138 974 gerebantur:
1161 869 1386 970 perferebatis.
1487 871 1488 884 ¹

206 963 1013 1137 sisausa¹suttshatur3u
1028 956 1386 1132 studiturus

207 1144 440 1231 comprehensi,
461 1144 664 1208 incenatum
686 1139 873 1222 introducti,
895 1135 1043 1221 confessi,
1064 1136 1099 1201 in
1117 1135 1222 1201 vincla
1245 1133 1387 1201 coniecti

208 1259 227 1302 a
249 1235 385 1318 Milone,
413 1231 524 1298 emissi
546 1254 566 1297 a
589 1229 741 1297 Serrano:
769 1227 891 1294 mentio
921 1226 1019 1291 nulla.
1063 1224 1171 1290 forum
1194 1222 1387 1308 corporibus
1404 1243 1432 1281 10

207 1325 325 1390 civium
360 1322 583 1388 Romanorum
618 1320 819 1385 constratum
851 1314 947 1381 caede
979 1316 1152 1378 nocturna:
1189 1333 1256 1377 non
1287 1311 1387 1376 modo

206 1413 297 1478 nulla
309 1433 396 1478 nova
409 1410 566 1496 quamtis,
590 1408 646 1472 sed
669 1407 767 1471 etiam
780 1407 891 1470 vetera
904 1402 1023 1468 iudicia
1037 1401 1173 1468 sublata.
1218 1400 1388 1466 tribunum

207 1501 313 1587 plebis
336 1501 408 1584 plus
423 1497 541 1584 viginti
559 1495 745 1563 volneribus
769 1493 908 1578 acceptis
922 1492 1082 1558 iacentem
1095 1489 1388 1575 moribundumque

207 1589 351 1672 vidistis3
375 1587 506 1653 alterius
527 1584 652 1652 tribuni
674 1583 790 1668 plebis,
813 1581 942 1664 [divini]
958 1579 1100 1646 hominis
1115 1617 1157 1626 —
1172 1579 1277 1645 dicam
1299 1578 1389 1644 enim

209 1677 296 1763 quod
319 1677 423 1741 sentio
447 1679 480 1740 et
502 1673 589 1761 quod
608 1694 733 1739 mecum
757 1670 902 1737 sentiunt
925 1689 1047 1754 omnes,
1069 1705 1111 1715 —
1131 1668 1243 1752 divini,
1264 1667 1390 1752 insigni
1406 1686 1433 1726 ιε

208 1765 356 1851 quadam,
374 1763 529 1849 inaudita,
547 1785 632 1830 nova
649 1761 873 1848 magnitudine
891 1759 1002 1842 animi,
1025 1757 1194 1844 gravitate,
1216 1757 1277 1822 fide
1295 1777 1392 1840 prae-

156 1851 195 1911 40
208 1854 278 1941 diti,
301 1856 415 1920 domus
434 1856 484 1919 est
504 1855 693 1938 oppugnata
710 1850 807 1933 ferro,
829 1849 964 1932 facibus,
983 1847 1124 1913 exercitu
1142 1843 1309 1913 Clodiano.
1355 1848 1393 1910 et

156 1943 190 1994 86
208 1947 244 2009 tu
266 1943 328 2008 hoc
351 1944 426 2020 loco,
436 1942 551 2007 laudas
564 1940 720 2006 Milonem
734 1941 768 2003 et
781 1938 849 2004 iure
872 1937 998 2002 laudas:
1022 1958 1118 2020 quem
1132 1935 1219 2000 enim
1233 1955 1391 2019 umquam
1487 2015 1488 2018 Ἴ

209 2032 313 2096 virum
349 2035 418 2096 tam
454 2029 632 2096 immortali
668 2028 786 2093 virtute
822 2025 984 2094 vidimus?
1025 2025 1081 2110 qui
1117 2024 1207 2089 nullo
1242 2022 1391 2109 praemio
1487 2025 1488 2040 ¹

209 2120 378 2204 proposito
409 2121 538 2204 praeter
567 2117 643 2202 hcc,
676 2115 761 2202 quod
792 2115 858 2180 iam
890 2113 1065 2180 contritum
1101 2116 1134 2178 et
1166 2114 1392 2196 contemptum
1408 2131 1437 2170 20
1487 2173 1488 2180 ,

209 2211 354 2293 putatur,
382 2208 536 2274 iudicium
563 2207 738 2288 bonorum,
766 2205 874 2271 omnia
901 2201 1057 2288 pericula,
1085 2223 1227 2268 summos
1250 2201 1393 2284 labores,

210 2297 420 2382 gravissimas
439 2296 664 2362 contentiones
678 2292 934 2376 inimicitiasque
952 2290 1115 2375 suscepit?
1138 2290 1194 2375 qui
1211 2289 1292 2356 mihi
1304 2311 1393 2356 unus

104 2573 106 2582 '
209 2575 282 2630 noch
306 2573 385 2630 nicht
408 2575 476 2631 Zeit
498 2575 502 2644 Ι
522 2589 565 2630 ree
588 2575 664 2643 ipsa,
687 2572 771 2643 Verg.
826 2573 955 2642 getreten
982 2571 1031 2642 ist,
1059 2572 1149 2628 bildet
1171 2572 1232 2628 hier
1254 2573 1304 2628 das
1326 2572 1392 2627 eine
1487 2591 1488 2642 γ

209 2648 279 2702 Aen.
310 2651 342 2716 9,
368 2651 421 2703 320
448 2644 582 2716 Euryale,
612 2644 772 2701 sudandum
825 2643 925 2698 necatio
951 2645 1032 2699 nullu
1065 2643 1118 2699 mit
1144 2661 1268 2714 grossam
1295 2643 1393 2698 Nach-
1487 2647 1488 2656 ¹

209 2718 321 2788 dextra,
347 2733 420 2772 nunc
442 2717 503 2788 ipsa
521 2717 605 2774 vocat
628 2731 687 2782 res3
711 2713 771 2772 eat.
826 2713 915 2769 druch
938 2714 993 2770 den
1011 2714 1052 2772 Ge
1073 2717 1168 2771 ansata
1186 2733 1221 2770 zu
1242 2713 1306 2770 funs
1326 2729 1394 2768 vor·
1487 2751 1488 2758 .

209 2789 244 2857 ΙΙ,
264 2795 288 2843 6.
307 2805 334 2858 p.
354 2788 434 2844 Rosa.
448 2790 511 2845 Am.
531 2795 573 2845 44.
590 2789 595 2860 Ι
611 2788 721 2843 omnim
737 2817 770 2827 --
826 2785 1034 2856 hergehenden.
1053 2733 1105 2842 hie
1120 2787 1228 2858 Copula
1241 2785 1324 2869 fehlt,
1336 2784 1393 2866 wie

210 2861 257 2914 sed
275 2864 380 2926 tamen,
400 2865 435 2914 ‘14
453 2859 594 2916 consecuti
611 2858 672 2915 dies
690 2858 772 2928 pauci
827 2876 849 2912 z.
860 2857 890 2912 Β,
903 2858 938 2912 de
948 2857 994 2913 cff.
1004 2864 1029 2928 3,
1040 2863 1074 2912 47
1085 2857 1164 2913 nulla
1178 2857 1286 2914 timoris
1302 2873 1391 2926 argm-

210 2927 324 2984 omnino
342 2928 475 2987 Ianuario
494 2945 604 2998 mensa,
630 2945 681 2998 per
703 2946 773 2998 quos
827 2927 935 2997 ficatio,
958 2929 1037 2984 nulla
1054 2927 1161 2984 mentio
1184 2927 1270 2998 pacis.
1291 2929 1296 2995 Ι
1318 2943 1394 2983 noca

211 3001 341 3055 senatum
358 3000 457 3055 haberi
474 3000 585 3069 liceret,
610 3000 660 3054 sed
677 3001 773 3054 tamen
827 3001 959 3070 coactio,
969 2997 1395 3054 einneuerGerichtshofdurch

211 3072 305 3126 actum
332 3070 404 3126 nihil
433 3069 488 3126 nisi
519 3071 554 3126 de
581 3086 635 3127 me.
664 3070 699 3125 de
726 3070 772 3125 fin.
828 3069 892 3124 eine
905 3070 959 3139 lex,
978 3070 1031 3125 wie
1050 3068 1197 3139 sptterim
1210 3068 1326 3123 Process
1340 3070 1394 3125 des
1487 3135 1488 3142 ¹

212 3147 237 3209 3,
258 3148 299 3196 11.
317 3141 346 3196 in
365 3141 421 3197 Pis.
439 3143 504 3210 82!
827 3139 905 3196 Milo.
927 3142 931 3209 1
953 3141 1072 3206 sublata,
1091 3139 1129 3193 dc
1147 3138 1235 3193 durch
1253 3137 1307 3193 den
1325 3138 1394 3195 Ein-
1487 3155 1488 3216 j

157 3212 192 3264 85
248 3211 773 3284 [annosup.].DaauchdieVert1-ei-
828 3211 931 3280 sprnch
965 3211 1015 3265 des
1043 3209 1164 3265 Soranus
1192 3208 1260 3279 jede
1290 3209 1393 3267 Unter-

209 3283 287 3352 hung
313 3281 423 3338 Ciceros
455 3282 485 3336 in
514 3282 575 3338 dies
602 3281 672 3337 Jahr
698 3282 772 3352 taut,
828 3281 955 3350 suchung
990 3279 1257 3352 niedergeschlagen
1289 3297 1355 3337 war.
1385 3282 1389 3353 Ι
1487 3309 1488 3346 y

164 3357 175 3380 ·
209 3351 248 3406 ist
270 3351 349 3407 nicht
371 3351 542 3422 abnusehen,
567 3369 673 3407 warum
696 3353 773 3408 dicae
828 3352 950 3415 alteriue,
969 3351 1047 3406 Milo.
1063 3351 1068 3423 Ι
1085 3351 1215 3476 &divinit
1234 3351 1284 3408 das
1302 3352 1392 3408 durch
1487 3351 1488 3358 ’

209 3421 309 3478 Wcrte
322 3421 403 3477 nicht
421 3423 508 3478 sehon
523 3441 557 3478 zu
574 3423 650 3493 pulei
663 3431 774 3478 eramus
828 3422 919 3477 dicam
954 3421 1086 3493 angekdn
1108 3421 1166 3492 ‘gte
1202 3422 1278 3478 kann
1312 3423 1392 3478 nicht

209 3493 396 3565 hinzugefdgt
410 3492 533 3549 wurden.
554 3495 559 3563 ι
581 3509 643 3550 cum
658 3499 775 3566 egestate
828 3492 915 3548 echon
938 3507 1052 3564 vorweg
1075 3510 1243 3564 genommen
1268 3493 1390 3560 cardam

209 3569 268 3619 tum
291 3565 356 3620 aad.
376 3566 493 3634 perdit,
517 3571 542 3621 2.
563 3564 775 3648 lpcrfercbats's,
828 3563 916 3634 vergl.
935 3569 979 3629 22,
998 3564 1033 3620 de
1051 3581 1091 3620 cr.
1111 3570 1136 3633 2,
1156 3569 1200 3622 15.
1222 3566 1226 3633 Ι

210 3635 311 3690 Catull.
331 3639 357 3703 8,
381 3641 413 3691 11
438 3636 488 3692 sed
513 3637 658 3692 obstinato
680 3638 774 3692 menta
865 3636 965 3691 laudus
989 3635 1137 3704 Milonem,
1165 3637 1240 3692 wohl
1264 3655 1313 3692 um
1335 3637 1389 3692 den
1410 3649 1446 3700 86

209 3705 317 3776 perfer,
341 3705 455 3763 obdura.
481 3710 485 3777 1
510 3713 526 3762 ‘1
546 3708 638 3762 Wenn
661 3708 713 3763 azia·
734 3707 795 3764 im.
831 3705 937 3761 Sestius
955 3707 1020 3762 dem
1033 3706 1103 3762 Milo
1117 3707 1388 3778 gegendberharab-

210 3776 330 3832 radten
349 3776 447 3832 Gliede
472 3778 561 3846 steht,
583 3777 661 3834 kann
684 3795 713 3834 es
734 3778 776 3834 im
829 3777 1000 3848 sudrtcken,
1036 3777 1080 3833 im
1109 3778 1284 3834 Besondercn
1322 3778 1389 3834 aber

210 3848 305 3903 ersten
332 3847 488 3918 wegfallen.
510 3851 514 3918 Ι
537 3850 618 3904 auita
645 3865 679 3905 ac
705 3851 776 3918 foro,
830 3847 896 3903 weil
908 3847 977 3904 Milo
992 3847 1052 3904 sich
1065 3866 1118 3904 nur
1131 3848 1319 3920 vertheidigte
1332 3849 1390 3904 und

209 3918 268 3973 und
287 3917 378 3974 demit
401 3935 457 3974 von
476 3919 526 3974 der
543 3919 710 3992 Benutsung
727 3920 776 3976 des
831 3920 888 3974 eret
905 3918 948 3974 als
963 3919 1018 3974 alle
1036 3919 1224 3989 gesctzlichen
1237 3919 1331 3975 Mittel
1349 3935 1389 3974 er-

210 3989 323 4045 Forum.
341 4007 369 4060 p.
397 3989 456 4044 Mil.
476 3995 509 4044 75
529 3991 563 4044 ut
580 4007 703 4046 sororem
721 4007 777 4047 non
831 3988 943 4058 schdpit
960 4006 1069 4058 waren,
1087 4007 1137 4044 zur
1155 3988 1264 4046 Gewolt
1282 3988 1390 4058 schrItt,

210 4060 296 4127 modo
313 4060 457 4116 vestibulo
474 4059 613 4131 privaret,
632 4063 681 4116 sed
700 4061 777 4117 omni
830 4059 884 4114 mit
906 4059 1067 4130 Beniehung
1089 4061 1141 4115 aut
1155 4065 1190 4115 84
1215 4062 1246 4116 at
1266 4060 1390 4116 nondum

211 4130 291 4184 aditu
315 4130 474 4188 et'limine.
496 4132 670 4204 {praetoria
702 4133 774 4204 77.1
830 4131 891 4185 erat
936 4132 1082 4186 maturum.
1142 4130 1390 4200 andckgewiesen

208 4201 313 4256 mentio
347 4203 440 4258 nulla:
478 4202 616 4258 nachdem
654 4202 685 4256 in
716 4203 778 4258 drei
830 4200 901 4256 wird
933 4199 1026 4256 dieser
1062 4201 1202 4258 ewischen
1229 4201 1297 4258 Milo
1333 4203 1390 4256 und

210 4271 315 4325 Sttzen
346 4273 415 4328 awai
442 4273 555 4329 Glieder
582 4273 641 4328 sich
669 4273 777 4343 gleich-
832 4271 939 4326 Sestius
957 4273 1106 4342 gemachte
1124 4271 1308 4328 Unterschied
1326 4273 1387 4342 tut

209 4340 320 4412 mtssig
359 4343 546 4413 entsprcchen
585 4343 695 4413 haben,
738 4343 777 4398 im
831 4343 979 4398 contritum
1001 4349 1026 4398 ct
1048 4349 1242 4412 matcmptum,
1265 4344 1345 4399 Tusc.
1365 4349 1390 4410 5,

208 4410 350 4468 uicrten
377 4413 481 4470 zweien
511 4414 571 4472 eins
603 4415 777 4486 gegcndber-
832 4417 867 4468 85
884 4412 995 4484 reliqua
1012 4431 1046 4469 ex
1069 4413 1219 4471 collatione
1244 4413 1326 4470 facile
1349 4419 1392 4470 est
