3026 4876
206 235 248 300 66
598 237 635 294 u.
654 237 778 292 suurn
797 237 988 294 cressonis
1034 289 1040 312 .-
1171 205 1178 254 ¹

205 421 367 466 consessu.
413 421 494 484 quae
517 400 624 465 contio
648 399 711 464 fuit
732 421 789 483 per
811 400 871 464 hos
895 422 1005 484 annos,
1031 422 1112 485 quae
1136 401 1264 485 quidem
1287 391 1375 466 ess'et

204 510 272 553 non
294 488 451 554 conducta
473 488 528 555 sed
551 509 640 570 vera,
665 488 701 552 in
724 511 787 572 qua
808 489 920 572 pepuli
943 488 1082 554 Romani
1105 510 1279 556 cousensus
1302 512 1373 575 per-

206 577 286 660 spici
311 599 378 642 nen
404 577 536 662 posset?
566 577 698 644 habitae
729 580 806 642 sunt
835 578 956 642 multae
988 577 1027 643 de
1059 601 1111 644 me
1143 601 1163 643 a
1193 579 1373 664 gladiatore

206 666 461 749 sceleratissimo,
484 664 525 730 ed
547 687 627 749 quas
650 687 745 732 nemo
760 665 872 730 adibat
885 667 1100 750 incorruptus,
1123 689 1218 732 nemo
1233 668 1373 752 integer:

205 775 298 818 nemo
328 754 419 818 illum
449 755 581 820 foedum
612 755 736 820 voltum
767 753 923 838 aspicere,
955 775 1050 821 nemo
1083 756 1234 822 furialem
1260 774 1402 822 secerne

204 843 309 910 bonus
324 841 433 908 audire
446 846 587 927 poterat3
611 846 704 908 erent
719 843 794 908 illae
808 843 975 908 contiones
990 844 1187 928 perditorum
1206 845 1375 910 hominum
1422 897 1428 909 .

153 932 385 999 rosneeessario
407 931 620 997 turbulentae.
656 931 771 996 habuit
785 932 823 996 de
838 931 950 997 eodem
973 954 1024 997 me
1038 932 1073 998 P.
1087 932 1242 998 Lentulus
1260 934 1374 1001 consul

205 1020 401 1086 contionem:
425 1041 599 1086 concursus
614 1023 663 1084 est
677 1021 789 1105 pepuli
801 1020 942 1087 Romani
965 1022 1084 1105 factus3
1108 1043 1220 1088 omnes
1235 1022 1374 1104 ordines,

204 1112 277 1174 tota
297 1109 411 1175 inille
434 1109 583 1176 contione
596 1108 694 1174 Italia
717 1109 870 1174 conststit
907 1111 975 1195 egit
997 1132 1128 1176 causam
1152 1133 1279 1176 summa
1301 1133 1375 1176 cum

205 1197 364 1282 gravitate
377 1198 540 1283 copiaque
565 1197 704 1279 dicendi,
731 1201 822 1263 tanto
851 1199 994 1281 silentio,
1020 1202 1116 1264 tanta
1137 1200 1374 1285 approbatione
1389 1218 1415 1256 ιο

205 1287 362 1370 omnium,
388 1286 470 1351 nihil
496 1290 534 1370 ut
559 1309 713 1370 umquam
735 1286 897 1351 videretur
923 1290 993 1352 tarn
1018 1289 1175 1372 populare
1192 1289 1239 1354 ad
1261 1289 1375 1372 populi

204 1374 343 1440 Romani
370 1375 457 1443 auris
485 1375 645 1440 accidisse.
689 1375 865 1457 productus
893 1381 944 1440 est
970 1376 1012 1441 ab
1040 1398 1078 1442 eo
1107 1375 1165 1442 On.
1192 1377 1374 1460 Pompeius,

205 1464 260 1548 qui
284 1485 318 1530 se
340 1485 407 1528 non
429 1464 532 1528 selum
556 1467 720 1538 auctorem
742 1485 834 1529 meae
848 1465 971 1548 salutis,
995 1465 1050 1530 sed
1073 1465 1173 1531 etiam
1196 1466 1374 1549 supplicem

204 1553 325 1636 populo
354 1551 503 1616 Romano
524 1553 682 1633 professus
708 1558 760 1618 esc.
809 1553 905 1618 huius
940 1555 1046 1620 oratio
1076 1559 1113 1619 ut
1144 1555 1310 1639 pergravis
1342 1559 1375 1632 et

205 1644 299 1725 mata
322 1641 358 1704 in
380 1640 584 1707 contionibus
607 1641 757 1707 omnibus
775 1643 847 1726 fuit,
870 1643 916 1708 sic
932 1642 1091 1708 contendo
1105 1665 1282 1728 numquam
1301 1660 1415 1708 eum1⁵

153 1729 1144 1904 100110111100110001011101000011
1166 1731 1374 1886 lllllll

206 1906 335 1991 appello
357 1905 420 1971 hoc
442 1908 527 1990 loeo,
553 1929 595 1971 ne
623 1928 695 1970 mea
722 1908 841 1992 oratio,
868 1909 897 1972 si
924 1909 1028 1976 minus
1056 1909 1095 1974 de
1122 1909 1232 1993 aliquo
1255 1909 1373 1986 dixero,

206 1995 346 2080 ingrata,
368 1996 396 2060 si
419 1995 498 2061 satis
522 1995 561 2060 de
575 1996 734 2076 omnibus,
756 1997 885 2062 infinita
907 2018 977 2062 esse
996 1997 1150 2064 videatur.
1187 1998 1265 2062 cedo
1287 2019 1373 2063 nunc

206 2083 349 2148 eiusdem
370 2083 457 2148 illius
480 2084 602 2150 inimici
624 2084 688 2149 mei
710 2084 749 2148 de
772 2107 822 2150 me
846 2085 957 2152 eodem
980 2086 1021 2150 ad
1034 2107 1146 2151 verum
1168 2087 1323 2170 populum
1337 2087 1372 2150 in
1388 2105 1415 2144 20

207 2193 319 2255 eampo
342 2171 459 2238 Martio
483 2173 680 2240 contionem!
704 2174 776 2257 quis
797 2196 866 2239 non
886 2175 983 2247 modo
1006 2175 1206 2261 approbavit,
1228 2175 1284 2240 sed
1307 2197 1374 2240 non

206 2260 466 2346 indignissimum
488 2261 611 2326 facinus
624 2262 752 2345 putavit
764 2263 857 2328 illum
870 2285 937 2329 non
951 2263 1056 2329 dicam
1069 2264 1168 2349 loqui,
1190 2264 1246 2328 sed
1264 2264 1373 2329 vivere

207 2371 245 2414 ae
267 2348 409 2432 spirare?
432 2350 504 2432 quis
526 2350 589 2414 fuit
611 2351 755 2436 qui-non
778 2352 846 2416 eius
860 2373 936 2417 voce
950 2353 1105 2418 maculari
1127 2352 1374 2436 rempublicam

153 2452 190 2508 51
207 2459 315 2521 seque,
340 2437 367 2502 si
390 2458 463 2502 eum
483 2438 624 2521 audiret,
652 2440 769 2504 scelere
793 2441 931 2525 astringi
954 2441 1188 2512 arbitraretur?
1214 2442 1308 2506 venio
1333 2441 1374 2506 ad

155 2525 350 2608 reeeomitia,
376 2525 442 2590 sive
465 2526 715 2610 magistratuum
736 2528 844 2611 placet
866 2529 933 2593 sive
955 2529 1072 2614 legum.
1116 2529 1204 2614 leges
1227 2529 1373 2606 videmus
1388 2545 1422 2589 2⁵·

206 2636 302 2699 saepe
323 2613 401 2680 ferri
424 2615 555 2682 multas:
579 2615 694 2681 emitto
717 2638 780 2700 eas,
803 2639 893 2708 quae
907 2618 1056 2682 feruntur
1077 2619 1132 2702 ita,
1154 2617 1208 2684 vix
1230 2623 1266 2683 ut
1285 2620 1375 2703 quini

206 2842 341 2910 herendo,
369 2842 449 2896 nicht
472 2842 534 2897 eine
562 2844 764 2899 abstimmende
792 2835 794 2840 ¹
818 2845 896 2899 nieht
914 2845 1012 2900 sicher.
1033 2848 1037 2913 Ι
1057 2825 1242 2912 tduosds‘tute,
1263 2852 1321 2901 134.
1340 2866 1375 2900 zu

205 2912 423 2983 Versammlung
440 2915 522 2983 (125).
543 2917 548 2982 Ι
568 2930 637 2984 pisae
658 2917 766 2983 qudem
819 2923 890 2973 tm.
911 2918 915 2984 Ι

207 2989 273 3038 esset
298 3000 356 3038 aas
381 2986 528 3050 omenta,
554 2985 607 3040 wie
635 3003 664 3040 es
692 2986 765 3042 viele
853 3005 888 3042 m
905 3017 939 3028 -
962 2989 1102 3052 uidemur,
1125 3005 1147 3043 e.
1171 3003 1228 3041 sen.
1253 3005 1293 3057 gr.
1317 2989 1426 3057 egitloe

207 3054 359 3110 conductas
372 3055 403 3109 in
413 3054 494 3126 jener
508 3054 569 3110 Zeit
581 3057 644 3126 gab.
672 3056 766 3112 Durch
818 3064 860 3113 30.
876 3058 973 3127 Pomp.
992 3064 1026 3112 47
1047 3075 1081 3113 ne
1099 3060 1149 3112 eut
1162 3059 1254 3113 invise
1267 3057 1310 3113 dis
1322 3059 1373 3111 im·

207 3126 283 3181 disse
292 3125 510 3196 Beschrankung
522 3127 570 3181 des
580 3127 765 3198 allgemeinen
818 3129 984 3184 mortalibus
997 3130 1088 3184 oratio
1099 3131 1193 3184 nostra
1202 3131 1252 3183 aut
1265 3130 1376 3200 ingrate

209 3197 342 3266 Begriffes
366 3199 455 3252 emoto
476 3197 516 3251 ist
533 3199 582 3252 der
601 3199 767 3268 Gonjunc'u'v
819 3216 878 3254 esse
891 3198 1026 3256 videatur.
1051 3204 1055 3269 Ι
1075 3201 1113 3254 ad
1125 3217 1217 3254 voum
1231 3201 1375 3269 populum,

208 3268 279 3322 nach
307 3285 377 3336 quoe
402 3269 509 3336 quiden
537 3268 662 3338 bedingt.
684 3272 688 3337 Ι
708 3271 764 3326 lud.
820 3277 872 3325 114
889 3270 958 3339 quid
976 3287 1041 3325 vero
1059 3271 1164 3340 populo
1182 3271 1372 3340 probareturl

208 3353 345 3403 maeoseu,
372 3356 398 3406 p.
425 3338 495 3394 Mur.
524 3344 557 3392 ‘17
581 3340 686 3393 ductus
717 3339 766 3394 isti
818 3357 875 3395 nen
891 3343 983 3407 modo,
1005 3341 1058 3396 wie
1081 3341 1173 3411 gleich
1196 3359 1252 3397 non
1275 3342 1373 3396 dicam.

208 3409 349 3473 ludorum,
373 3409 573 3478 gladiatorum
590 3411 766 3478 {gladiatores
819 3412 898 3467 Tusc.
927 3413 966 3480 11,
993 3418 1027 3467 14
1054 3413 1117 3482 quis
1144 3419 1187 3467 est
1213 3430 1269 3467 non
1292 3412 1375 3467 modo

209 3480 284 3535 steht
292 3479 506 3550 nechAnelogie
516 3480 565 3534 des
574 3480 765 3550 griechischen
817 3482 1375 3554 recusandus,sednonultroappetendus

208 3552 355 3622 τραγῳδοί,
373 3551 506 3622 κωμῳδοί
520 3551 693 3607 fflrmunera
706 3553 765 3622 gla·
818 3553 916 3608 dolor?
936 3557 940 3621 Ι
962 3556 1057 3610 scelos
1083 3556 1215 3624 osningi,
1246 3554 1376 3624 gewchn·

208 3622 335 3676 dietatis.
357 3625 361 3689 Ι
382 3622 438 3676 lud.
457 3623 529 3692 glad.
548 3639 599 3692 que
616 3623 669 3678 wie
687 3625 766 3678 renti
818 3624 907 3680 lieber
924 3631 998 3680 were
1016 3626 1119 3680 scelere
1139 3625 1281 3694 obstringi,
1302 3625 1375 3680 doeh

208 3695 453 3762 tempestatesque,
464 3693 720 3763 llll.·Seyffert843,
735 3702 764 3761 23
819 3695 896 3752 siche
914 3697 949 3751 de
967 3697 1012 3752 off.
1032 3704 1056 3766 0,
1076 3703 1123 3764 19;
1141 3714 1168 3766 p.
1188 3696 1266 3750 Sulla
1284 3702 1327 3750 82.
1345 3703 1348 3764 y

209 3783 229 3820 s.
255 3768 314 3819 111,
341 3767 391 3816 100
413 3763 494 3818 ludos
516 3780 701 3835 scaenamque
724 3766 765 3820 sls
854 3768 934 3837 quusi
960 3783 993 3823 ex
1023 3767 1139 3837 singulis
1169 3765 1309 3831 uibubus3
1342 3777 1425 3825 erres

207 3833 410 3904 Hendisdyoin.
433 3837 437 3902 Ι
457 3851 533 3890 nemo
551 3867 585 3875 -
599 3842 719 3906 poterat,
737 3855 764 3906 p.
819 3839 924 3892 atiena:
938 3856 986 3892 um
1000 3837 1046 3893 bei
1059 3839 1113 3892 den
1125 3836 1376 3892 tumultuarisehen

208 3906 317 3960 Munda
327 3906 419 3961 voltus
428 3905 580 3974 eretipsius
607 3907 765 3963 lenusfuro-
819 3909 1052 3979 Abstimmnngen
1074 3908 1123 3961 der
1141 3905 1290 3961 Clodianer
1309 3907 1375 3978 jede

208 3977 255 4043 ris,
263 3975 337 4030 oculi
344 3974 463 4044 sceleris,
470 3993 559 4032 sermo
603 3979 763 4050 rogentieei
820 3980 943 4034 einzelue
964 3980 1015 4034 dsr
1031 3984 1066 4032 35
1084 3977 1185 4033 Tribus
1206 3978 1375 4048 wenigstens

141 4037 208 4105 l107
245 4048 277 4102 de
294 4047 383 4100 eodem
399 4063 453 4113 me,
475 4047 502 4102 Z.
522 4053 564 4102 20.
587 4067 614 4117 p.
634 4057 677 4118 00,
696 4055 712 4104 ὅ
731 4051 766 4105 de
820 4048 1376 4120 zureprasenuren,wuruensngeherigs

209 4132 254 4171 me
273 4116 378 4172 eodem.
395 4119 550 4186 {professus
572 4125 622 4185 est,
647 4121 718 4176 fehlt
734 4120 766 4174 in
818 4120 869 4176 der
885 4121 948 4176 dem
967 4119 1080 4176 Clodius
1099 4120 1249 4191 gdnstigen
1267 4120 1376 4189 Tribus,

210 4188 264 4242 den
278 4187 352 4254 Hsr.;
371 4186 402 4240 in
414 4187 468 4244 Pis.
488 4195 522 4245 80
536 4207 599 4244 cum
612 4207 669 4244 non
680 4191 764 4246 modo
818 4192 878 4246 also
895 4191 1068 4247 sornemlieh
1087 4192 1137 4248 der
1154 4197 1172 4247 4
1194 4191 1375 4260 stadiisehen,

210 4274 239 4314 ss
270 4258 444 4312 defensorem
476 4259 574 4316 salutis
606 4277 684 4316 meae
716 4261 765 4316 sed
818 4263 968 4318 besonders
982 4263 1031 4318 der
1040 4264 1261 4332 Palatineull),
1274 4263 1304 4316 in
1318 4262 1375 4316 die·

210 4329 338 4385 etiamsu
377 4328 764 4402 licempromeprofiteretur.
816 4334 931 4405 jenigen
949 4335 1116 4406 eingereiht,
1140 4351 1190 4388 aus
1208 4333 1298 4387 denen
1316 4333 1375 4386 nie-

211 4400 291 4454 Aueh
298 4347 507 4468 imlblgenden
515 4403 603 4459 isidis
613 4403 766 4474 Besserung
819 4406 904 4460 mand
918 4405 1078 4462 erschienen
1096 4422 1160 4460 war.
1181 4403 1227 4458 Sia
1240 4403 1375 4474 gehbrten

1500 4623 1503 4843 l
