2950 4882
382 259 453 315 PRO
471 259 502 315 P.
522 258 647 314 SESTIO
667 257 802 314 ORATIO
821 263 935 315 45-48.
1207 259 1248 324 31

69 427 248 507 tamquam
271 422 340 487 fata
362 422 482 506 inipso
497 443 532 494 re
555 422 696 507 gerenda
718 422 937 487 canebantur?
960 443 1003 486 au
1026 425 1097 487 erat
1118 422 1198 486 mihi
1215 423 1251 486 in·

71 515 173 576 tanto
196 511 287 576 luctu
309 532 464 594 meorum,
486 513 579 575 tanta
601 510 813 596 diiunctione,
835 513 928 576 tanta
951 511 1136 594 acerbitate,
1157 514 1251 576 tanta

73 599 275 685 spoliatione
298 599 442 665 omnium
465 621 586 684 rerum,
613 621 692 685 quas
717 599 799 664 mihi
822 604 878 665 aut
899 601 1017 664 natura
1039 603 1096 664 aut
1116 600 1252 664 fortuna

71 689 223 772 dederat,
249 688 319 753 vita
340 687 528 753 retinenda?
554 693 623 753 tam
646 709 735 752 eram
757 687 859 771 rudis,
885 690 952 752 tam
975 688 1108 772 ignarus
1130 711 1252 772 rerum,

38 781 147 842 5tam
173 798 285 860 expers
305 777 432 842 consilii
449 779 505 841 aut
517 776 661 862 ingenii?
683 776 765 842 nihil
779 776 965 841 audieram?
986 777 1069 841 nihil
1082 777 1248 842 videram?

71 866 161 930 nihil
184 865 255 949 ipse
276 865 414 949 legendo
437 865 683 949 quaerendoque
702 864 938 950 cognoveram?
960 865 1143 930 nesciebam
1161 867 1249 930 vitae

70 955 209 1019 brevem
232 975 302 1019 esse
325 954 609 1039 cursum,‚gloriae
632 954 884 1038 sempiternum?
906 975 979 1018 cum
995 957 1081 1018 esset
1098 955 1250 1019 omnibus

71 1043 212 1108 definita
224 1065 321 1125 mors,
344 1042 524 1126 optandum
537 1063 608 1106 esse
621 1047 658 1106 ut
670 1044 747 1125 vita,
770 1063 852 1128 quae
865 1041 1052 1108 necessitati
1069 1042 1248 1125 deberetur,

70 1132 201 1215 patriae
228 1131 337 1216 potius
360 1131 482 1196 donata
508 1153 604 1215 quam
632 1135 795 1196 reservata
820 1134 956 1196 naturae
983 1131 1164 1195 videretur?
1192 1153 1247 1195 ne·

21 1239 57 1277 10
71 1220 221 1285 sciebam
234 1221 320 1286 inter
334 1219 590 1304 sapientissimos
613 1219 760 1284 homines
777 1220 863 1284 hanc
879 1220 1118 1285 contentionem
1139 1219 1247 1301 fuisse,

55 1313 111 1373 ‘ut
140 1309 198 1374 alii
225 1309 367 1373 dicerent
394 1309 519 1373 animos
546 1307 715 1374 hominum
747 1329 923 1393 sensusque
950 1311 1053 1372 morte
1080 1309 1246 1394 restingui,

72 1397 132 1462 alii
157 1400 266 1462 autem
288 1401 358 1462 tum
377 1397 495 1462 mentis
510 1397 647 1462 maxime
671 1397 865 1482 sapientium
889 1419 927 1462 ao
949 1396 1083 1462 fortium
1094 1397 1247 1479 virorum,

72 1508 150 1550 cum
170 1508 209 1551 ex
228 1507 359 1570 corpore
376 1486 596 1564 excessissent,
620 1487 737 1552 sentire
752 1508 790 1550 ae
802 1486 932 1571 vigere?
956 1507 1092 1570 quorum
1112 1485 1272 1561 alterum,

71 1575 267 1660 fugiendum
293 1595 360 1640 non
387 1596 468 1657 esse,
497 1596 604 1639 carere
632 1596 742 1657 sensu,
769 1575 905 1640 alterum
932 1576 1031 1639 etiam
1060 1575 1247 1658 optandum,
1265 1590 1302 1639 48

26 1663 210 1734 xesmeliore
233 1685 303 1728 esse
327 1685 432 1728 sensu.
468 1663 614 1747 denique,
637 1684 710 1728 oum
733 1663 844 1729 omnia
857 1685 983 1747 semper
1000 1663 1041 1727 ad
1056 1662 1247 1748 dignitatem

72 1752 274 1816 rettulissem
295 1773 355 1817 nee
378 1753 447 1816 sine
471 1774 509 1817 ea
537 1752 709 1836 quicquam
736 1752 950 1836 expetendum
973 1772 1043 1816 esse
1065 1751 1190 1815 homini
1211 1753 1247 1815 in

71 1841 145 1905 rita
171 1845 351 1925 putassem,
378 1843 530 1924 mortem,
557 1863 655 1926 quam
682 1842 780 1905 etiam
806 1840 947 1926 virgines
972 1839 1124 1923 Athenis,
1150 1841 1246 1924 regis,

72 1928 202 2014 opinor,
224 1928 398 1994 Erechthei
420 1928 515 2012 filiae,
539 1950 598 2012 pro
621 1929 728 2013 patria
751 1929 983 2012 contempsisse
1006 1927 1248 2013 dicuntu1,ego

71 2021 124 2082 vir
149 2017 324 2082 consularis
339 2017 439 2082 tantis
454 2018 550 2082 rebus
565 2017 667 2103 gestis
690 2017 859 2086 timerem?
881 2017 1070 2102 praesertim
1087 2039 1158 2082 cum
1177 2017 1246 2082 eius

27 2125 59 2164 20
74 2127 183 2171 essem
205 2106 357 2189 civitatis,
380 2128 419 2170 ex
442 2127 505 2190 qua
523 2104 557 2172 (l.
571 2105 696 2171 Mucius
720 2107 808 2172 solus
831 2107 865 2170 in
889 2109 996 2170 castra
1009 2104 1171 2170 Porsenae
1194 2127 1248 2170 ve·

71 2195 179 2259 nisset
205 2217 340 2279 eumque
367 2195 545 2260 interficere
572 2195 740 2279 proposita
767 2194 830 2259 sibi
857 2199 962 2260 morte
989 2198 1123 2260 conatus
1148 2198 1249 2277 esset3.

72 2306 113 2348 ex
142 2305 206 2368 qua
232 2283 268 2348 P.
295 2281 413 2348 Decius
441 2283 580 2366 primum
607 2287 712 2367 pater,
742 2287 818 2367 post
845 2284 969 2369 aliquot
1002 2304 1105 2347 annos
1139 2283 1248 2366 patria

71 2373 195 2437 virtute
213 2372 377 2455 praeditus
391 2372 476 2436 filius
492 2394 526 2437 se
540 2393 578 2436 ac
591 2371 692 2437 vitam
707 2394 799 2438 suam
813 2373 971 2437 instructa
987 2372 1054 2436 acie
1068 2393 1128 2454 pro
1143 2372 1247 2436 salute

72 2461 189 2545 populi
197 2460 344 2526 Romani
357 2461 553 2545 victoriaque
571 2460 767 2544 devovisset3
791 2483 830 2526 ex
845 2483 908 2545 qua
921 2459 1171 2526 innumerabiles
1189 2461 1249 2525 alii

28 2568 58 2608 25
71 2549 195 2634 partim
219 2549 442 2633 adipiscendae
465 2550 580 2634 laudis,
602 2550 721 2634 partim
744 2551 893 2615 vimndae
915 2549 1126 2634 turpitudinis
1149 2569 1248 2614 causa

72 2641 214 2704 mortem
236 2638 280 2704 in.
294 2637 393 2702 variis
416 2638 510 2702 bellis
534 2639 737 2723 aequissimis
756 2639 873 2703 animis
891 2640 1106 2722 oppetissent3
1128 2637 1164 2701 in
1182 2660 1246 2722 qua

74 2727 204 2792 civitate
226 2727 297 2810 ipse
319 2727 539 2792 meminissem
561 2732 687 2811 patrem
710 2727 807 2792 huius
830 2726 874 2790 M.
893 2724 1010 2810 Crassi,
1031 2726 1245 2792 fortissimum

72 2918 152 2973 Tode
169 2937 204 2972 au
222 2919 358 2989 entgehn,
380 2918 426 2974 die
443 2917 634 2988 Verbannung
688 2934 823 2975 aammen.
839 2921 844 2988 Ι
859 2919 959 2972 sentire
976 2934 1010 2972 ac
1026 2920 1123 2989 cicer,
1140 2936 1168 2988 p.
1185 2917 1244 2972 llil.

71 2989 199 3059 gewbhlt
223 2989 304 3044 habe.
329 2992 334 3057 Ι
357 2990 434 3056 fata,
462 2988 633 3044 Schicksals·
688 2995 723 3044 54
739 2989 770 3043 in
784 2989 836 3046 hac
850 2987 1045 3044 imbecillitate
1059 2993 1155 3044 nostra
1171 2989 1246 3044 inest

72 3060 198 3130 sprflche,
216 3060 448 3130 Weissagungeu.
464 3062 469 3130 Ι
484 3061 516 3115 iu
529 3061 634 3130 ipsura
687 3059 823 3129 quiddam
830 3059 1155 3130 quodvigeatetseutiat3
1163 3060 1244 3114 Tusc.

71 3132 202 3201 pseudo,
229 3149 255 3200 p.
279 3131 362 3187 Arch.
387 3137 421 3186 30
444 3131 539 3188 omnia
560 3148 632 3200 quae
687 3139 712 3199 1,
722 3132 892 3201 allambere
900 3147 954 3186 esse
962 3147 1052 3197 sensu,
1061 3130 1107 3185 ein
1116 3130 1245 3200 helleres,

71 3202 203 3273 gerebam
220 3200 278 3256 iam
291 3204 354 3256 tum
371 3202 402 3256 in
415 3203 537 3273 gerendo
555 3219 631 3272 spar-
685 3202 809 3259 klareres
827 3200 1014 3256 Bewusstsein
1033 3220 1067 3256 au
1084 3201 1184 3256 haben
1206 3201 1210 3272 Ι

71 3289 139 3343 gere
161 3289 195 3328 ac
217 3272 398 3329 disseminare
422 3274 580 3330 arbitrabar
601 3274 631 3328 in
719 3275 820 3340 referre
833 3273 879 3340 od,
892 3274 964 3329 nach
978 3275 1064 3328 etwas
1078 3273 1244 3337 bemesssen,
1263 3273 1299 3324 48

71 3343 243 3399 orbisterrae
250 3343 630 3415 memoriensempitemam.
685 3360 721 3399 an
735 3347 821 3400 etwas
839 3343 920 3400 einen
933 3344 1073 3399 Massstab
1091 3343 1218 3414 anlegen
1238 3344 1242 3414 Ι

74 3414 78 3486 Ι
98 3415 273 3484 spoliatione,
300 3415 468 3483 passivischr
501 3416 551 3471 das
578 3416 630 3470 Be·
684 3417 803 3470 m-in
815 3417 882 3482 olla,
900 3415 996 3486 parad.
1009 3421 1040 3470 12
1058 3415 1195 3485 cogitasse
1209 3431 1244 3470 ne

70 3485 222 3540 raubtsein.
242 3489 246 3554 Ι
265 3491 370 3541 actua
390 3488 463 3552 ded,
486 3487 561 3542 seins
579 3487 631 3542 Fa·
685 3486 833 3557 quicquam
851 3486 883 3540 in
895 3487 955 3541 vita
969 3485 1023 3540 sibi
1041 3503 1101 3541 esse
1114 3488 1244 3554 expeten-

71 3556 157 3626 milie,
175 3557 242 3613 aber
259 3557 332 3612 auch
348 3556 393 3612 die
408 3556 522 3628 Erfolge
541 3557 631 3613 seiner
683 3557 751 3612 dum
778 3557 834 3620 nisi
856 3556 929 3626 quod
952 3556 1094 3611 laudabile
1119 3557 1193 3611 esset
1215 3559 1245 3610 et

71 3627 288 3684 Bcredsamkeit.
317 3631 321 3697 Ι
345 3629 418 3684 uitae
448 3645 571 3695 wem,
601 3646 629 3698 p.
683 3628 861 3698 praeclarum
869 3627 1173 3698 videreturlcs'cpincs.
1192 3627 1244 3682 Die

72 3698 154 3753 Arch.
174 3704 208 3753 28
230 3699 260 3752 in
277 3699 330 3754 hoc
348 3702 408 3754 tam
431 3699 531 3769 exiguo
553 3699 631 3754 vitae
684 3699 806 3754 Tbchter
846 3699 895 3754 des
930 3698 1036 3768 Kbnigs
1071 3697 1244 3754 Erechtheus

73 3769 216 3827 eurdcmo.
241 3772 245 3837 Ι
269 3776 407 3826 reumata
432 3774 565 3836 adurae,
596 3774 631 3826 bo
685 3770 814 3840 opferten
831 3770 891 3825 sich
906 3769 1018 3839 aufolge
1037 3769 1112 3825 eines
1129 3769 1244 3826 Orakel-
1359 3783 1365 3815 ’-

72 3843 156 3910 atque
178 3840 227 3896 ille
245 3841 334 3897 vitam
357 3841 394 3897 ad
416 3841 631 3896 incertissimam
685 3843 827 3910 spruches,
841 3859 889 3895 um
902 3840 992 3895 ihrem
1006 3839 1175 3895 Vaterlande
1189 3840 1244 3895 den

72 3928 151 3982 spem
159 3913 324 3980 reservarit3
340 3918 373 3968 76
387 3910 442 3968 nisi
453 3928 533 3967 suam
541 3911 631 3967 vitam
685 3911 752 3981 Sieg
768 3911 838 3970 uber
850 3912 1003 3981 Eumolpos
1015 3927 1071 3966 von
1084 3910 1194 3965 Eleusis
1209 3928 1244 3963 au

70 3984 107 4037 ad
135 3999 210 4052 spem
238 3983 294 4037 mei
320 3983 427 4038 reditus
452 3985 630 4039 reservasset.
683 3981 868 4050 verschaffen3
888 3983 968 4038 Tuae.
982 3983 996 4036 I
1011 3989 1071 4037 116.
1099 3981 1134 4036 de
1147 3981 1193 4034 fin.
1207 3979 1244 4049 V,

70 4053 143 4108 Phil.
157 4053 230 4123 XIV,
249 4060 282 4110 31
297 4053 441 4110 fortunata
456 4071 539 4124 mors,
558 4071 631 4124 quae
684 4060 739 4108 62!
751 4054 785 4109 de
799 4056 856 4110 nat
871 4054 986 4110 deorum
994 4053 1043 4121 Ill,
1057 4059 1099 4107 50.
1116 4053 1120 4120 Ι
1136 4052 1244 4120 opinor,

69 4127 186 4180 naturae
194 4124 290 4180 debita
296 4142 348 4195 pro
355 4125 631 4196 patriapotissimum
684 4125 738 4179 mit
755 4125 942 4192 erkdnstelter
958 4121 1170 4191 Unwissenheit,
1189 4121 1244 4176 uie

70 4199 115 4251 est
128 4196 261 4266 oppetita.
278 4200 283 4265 Ι
298 4212 451 4266 comasque,
469 4197 519 4252 der
535 4196 632 4252 Plural
685 4201 727 4252 23.
741 4201 800 4251 118.
817 4199 822 4264 Ι
836 4196 940 4251 Decius
944 4201 1035 4265 pater,
1049 4211 1074 4248 a.
1084 4199 1145 4262 340,
1158 4195 1245 4261 filiae,

70 4267 123 4322 wie
146 4269 252 4322 aemma
275 4283 373 4338 wegen
397 4268 543 4322 bombum
568 4270 573 4336 Ι
597 4284 631 4323 ca
684 4284 708 4323 a
732 4273 797 4334 2953
820 4268 883 4322 dass
905 4267 978 4322 auch
1000 4265 1050 4320 der
1071 4263 1162 4320 Eukel
1183 4264 1243 4320 sich

69 4355 142 4407 corp.
161 4340 344 4405 messmam,
368 4338 449 4396 Tuae.
470 4345 498 4406 1,
524 4344 568 4394 ab.
586 4344 629 4394 40.
683 4339 823 4409 geopfert,
847 4338 954 4394 erabhlt
976 4334 1073 4391 Cicero
1096 4336 1130 4392 de
1151 4336 1197 4390 fin.
1216 4341 1245 4402 2,

71 4411 215 4480 talarem
234 4410 290 4464 und
308 4411 426 4466 manime
444 4408 567 4479 gehbren
584 4428 629 4464 au·
683 4415 725 4464 61.
743 4413 746 4479 Ι
762 4426 789 4465 sc
807 4426 840 4466 ac
857 4426 881 4467 u.
900 4425 987 4477 mm,
1007 4414 1030 4463 1.
1048 4409 1052 4478 Ι
1070 4407 1104 4462 P.
1119 4406 1246 4472 Orneus,
