3026 4876
226 286 269 352 30
618 286 655 342 M.
675 286 797 342 TULLII
816 285 1007 342 CICERONIS

225 450 288 515 nisi
311 471 362 514 me
375 472 476 515 unum
490 450 551 514 sibi
566 449 772 534 dedidissent,
796 449 823 514 si
836 449 870 514 id
884 454 1027 514 vectores
1041 452 1199 534 negarent
1213 471 1250 513 ae
1268 469 1405 512 mecum

226 539 322 603 simul
344 539 475 603 interire
499 561 594 623 quarn
609 561 660 603 me
673 538 799 602 tradere
821 536 969 603 hostibus
993 537 1138 620 mallent,
1160 537 1306 602 iecissem
1325 537 1403 621 ipse

225 625 276 691 nie
298 627 408 710 potius
430 628 465 691 in
487 627 695 711 profundum,
725 630 762 690 ut
784 629 907 692 eeteros
935 647 1171 708 conservarem,
1198 647 1294 710 quam
1316 625 1402 690 illos

225 716 289 780 mei
311 720 380 780 tam
402 715 533 800 cupidos
556 738 622 781 non
644 716 740 779 modo
764 714 804 779 ad
818 719 939 780 certam
953 719 1098 798 mortem,
1121 714 1225 779 sedin
1238 735 1400 798 magnum

170 819 205 868 46
225 805 311 869 vitae
338 805 509 870 discrimen
536 804 732 869 adducerem.
778 825 851 869 eum
883 824 958 868 vero
991 803 1027 867 in
1053 802 1137 868 hanc
1168 804 1215 867 rei
1244 802 1430 885 publieaes

223 914 352 976 navem,
385 894 511 977 ereptis·
532 893 658 957 senatui
686 893 912 978 gubernaculis
944 891 1125 957 fluitantem
1158 892 1193 956 in
1221 892 1286 956 alto
1313 895 1401 956 tem-

224 983 403 1064 pestatibus
419 981 611 1046 seditionum
626 1003 662 1046 ac
685 981 926 1064 discordiarum,
949 984 1092 1045 armatae
1114 983 1165 1045 tot
1180 981 1306 1060 classes,
1329 979 1401 1045 nisi

224 1091 285 1155 ego
308 1092 412 1135 essem
431 1092 514 1134 unus
529 1070 664 1148 deditus,
686 1070 871 1134 incursurae
884 1070 1075 1153 viderentur,
1099 1091 1171 1134 cum
1189 1069 1400 1153 proscriptio,

225 1159 346 1243 caedes,
369 1159 505 1241 direptio
530 1159 784 1243 denuntiaretur,
808 1180 880 1223 eum
902 1159 958 1223 alii
981 1179 1033 1223 me
1058 1157 1237 1242 suspicione
1260 1158 1400 1241 periculi

223 1248 274 1311 sui
297 1268 362 1311 non
385 1246 598 1329 defenderent,
621 1247 676 1312 alii
698 1250 805 1312 vetere
820 1247 892 1312 odio
912 1248 1071 1312 bonorum
1093 1246 1314 1329 incitarentur,
1337 1247 1399 1310 alii
1416 1276 1444 1314 ro

223 1335 413 1419 inviderent,
431 1335 487 1399 alii
502 1336 630 1401 obstare
645 1336 772 1401 sibime
787 1335 1031 1420 arbitrarentur,
1054 1335 1109 1400 alii
1122 1335 1234 1400 ulcissi
1248 1335 1398 1399 dolorem

224 1423 365 1507 aliquem
393 1446 486 1488 suum
513 1425 645 1508 vellent,
678 1424 733 1488 alii
759 1445 827 1488 rem
854 1424 957 1508 ipsam
988 1424 1152 1507 publicam
1183 1426 1279 1509 atque
1306 1422 1398 1487 hunc

224 1512 383 1577 bonorum
410 1515 531 1577 statum
560 1513 723 1597 otiumque
752 1513 907 1594 odissent,
939 1516 971 1578 et
998 1513 1039 1577 ob
1071 1513 1168 1577 hasce
1196 1534 1308 1577 causas
1341 1514 1397 1576 tot

224 1602 354 1684 tamque
385 1601 493 1666 varias
525 1623 576 1665 me
607 1623 708 1667 unum
739 1601 878 1686 undique
915 1601 1136 1685 deposcerent:
1174 1600 1396 1686 depugnarem

223 1688 331 1772 potius
355 1711 427 1754 cum
451 1711 576 1755 summo
600 1712 666 1755 non
689 1690 793 1754 dicam
816 1690 921 1775 exitio,
945 1690 1000 1755 sed
1018 1690 1159 1775 periculo
1179 1693 1264 1754 certe
1283 1692 1393 1754 vestro
1411 1721 1440 1760 15

223 1777 460 1864 liberorumque
483 1782 677 1858 vestrorum,
701 1801 798 1864 quam
821 1778 870 1861 id,
896 1779 980 1864 quod
1004 1779 1154 1844 omnibus
1176 1777 1397 1862 impendebat,

170 1887 207 1941 21
222 1889 305 1931 unus
319 1888 378 1950 pro
393 1867 542 1932 omnibus
558 1869 751 1951 susciperem
766 1888 804 1932 ac
818 1867 980 1932 subirem?
1005 1866 1094 1934 ‘victi
1108 1871 1215 1932 essent
1231 1865 1394 1951 improbi?

136 1965 143 1982 '
169 1977 204 2026 47
224 1957 258 2019 at
282 1956 375 2038 cives,
399 1959 433 2020 at
452 1955 559 2036 armis,
584 1960 617 2020 at
631 1956 672 2020 ab
687 1977 722 2020 eo
736 1956 863 2039 privato
877 1957 932 2041 qui
956 1957 1024 2022 sine
1048 1957 1147 2021 armis
1163 1955 1261 2021 etiam
1280 1955 1394 2020 consul

223 2064 291 2107 rem
305 2044 469 2127 publicam
484 2046 701 2109 conservarat:
720 2045 771 2108 sin
785 2043 861 2109 victi
876 2049 983 2109 essent
996 2044 1083 2124 boni,
1097 2045 1152 2128 qui
1166 2043 1393 2128 superessent?

222 2153 331 2197 nonne
360 2131 401 2197 ad
428 2153 536 2198 servos
564 2131 679 2198 videtis
707 2154 776 2197 rem
807 2132 970 2216 publicam
996 2137 1165 2198 venturam
1195 2133 1316 2198 fuisse?
1348 2153 1392 2196 an
1408 2163 1438 2202 so

223 2220 302 2284 mibi
325 2221 397 2304 ipsi,
419 2226 457 2287 ut
471 2221 602 2306 quidam
615 2224 743 2305 putant,
765 2219 827 2286 fuit
849 2241 936 2287 mors
951 2243 1053 2306 aequo
1067 2221 1176 2286 animo
1191 2220 1393 2305 oppetenda?

224 2309 300 2393 quid
322 2309 415 2374 tum?
443 2313 620 2375 mortemne
642 2309 830 2396 firgiebam‘?
857 2331 899 2374 an
922 2313 991 2375 erat
1013 2331 1064 2375 res
1087 2310 1169 2392 ulla,
1192 2331 1289 2394 quam
1312 2309 1392 2373 mibi

223 2398 327 2482 magis
348 2398 525 2480 optandam
547 2398 719 2482 putarem?
742 2402 837 2463 antea
860 2420 919 2484 ego
941 2398 1016 2463 illas
1035 2421 1086 2463 res
1109 2401 1217 2463 tantas
1241 2399 1392 2463 intanta

136 2541 138 2560 ,
223 2479 443 2568 improborum
470 2486 676 2551 multitudine
703 2509 775 2568 cunr
802 2487 967 2572 gerebam,
995 2509 1062 2552 non
1089 2487 1169 2551 milri
1197 2509 1298 2566 mors,
1324 2508 1392 2551 non
1486 2561 1487 2570 .

223 2574 355 2638 exitium
385 2575 426 2640 ob
455 2574 565 2641 oculos
593 2575 805 2641 versabatur?
837 2597 903 2640 non
929 2575 1009 2640 haec
1035 2575 1171 2660 denique
1199 2597 1218 2640 a
1244 2596 1295 2640 me
1321 2578 1392 2639 tum
1406 2609 1436 2649 25

221 2821 333 2877 Formel
356 2839 385 2876 a:
413 2821 456 2890 (br
479 2823 515 2891 A)
537 2821 780 2878 vcranschauliclrt
833 2820 1392 2891 vonSclavengelrommensainvvdrde'3

166 2931 169 2938 .
222 2890 300 2947 wird.
320 2891 324 2963 Ι
344 2898 467 2959 cedmae,
485 2892 534 2962 qui
553 2894 701 2962 vehuntur,
720 2889 779 2948 dui·
833 2909 895 2964 epp.
914 2893 951 2948 ad
968 2893 1035 2948 iam.
1050 2899 1076 2961 4,
1095 2899 1120 2961 9,
1139 2899 1155 2947 3
1174 2891 1302 2948 miserius
1321 2891 1393 2946 nihil

222 2958 313 3032 βάται.
339 2963 343 3034 Ι
367 2979 424 3018 nou
449 2965 527 3018 orode
554 2995 588 3003 -
615 2965 674 3030 scd,
701 2962 781 3018 nicht
833 2981 918 3033 quam
935 2964 998 3034 ipsa
1015 2963 1142 3032 victoria,
1160 2980 1232 3032 quae
1250 2962 1349 3029 etiam,
1367 2963 1393 3016 si

221 3033 270 3088 sed
288 3033 382 3103 etiam,
400 3034 476 3089 beim
494 3033 696 3105 Herabsteigen
714 3051 780 3089 vom
832 3035 869 3089 ad
887 3035 1015 3090 meliores
1034 3033 1120 3101 venit,
1138 3037 1233 3088 tamen
1250 3049 1297 3087 eos
1314 3032 1392 3101 ipsos

221 3103 370 3160 Grbsseren
390 3123 452 3160 zum
471 3103 653 3176 Geringeren;
677 3105 779 3160 ebeuso
831 3104 979 3160 ferociores
996 3103 1312 3175 intemperantioresqua
1330 3102 1392 3158 red-

221 3182 255 3229 46
278 3193 333 3232 non
351 3175 444 3231 dicam
462 3207 495 3216 -
515 3177 564 3230 sed
584 3178 667 3232 certe.
692 3181 751 3231 108.
773 3175 777 3247 Ι
833 3175 887 3242 dit;
901 3177 978 3230 Verr.
995 3180 1019 3244 5,
1038 3180 1072 3229 38
1086 3190 1177 3242 neque
1189 3173 1261 3228 illud
1273 3173 1392 3228 rationis

217 3247 411 3316 potiusquam
428 3247 600 3314 adducerem,
623 3247 672 3302 der
689 3247 779 3316 regel-
831 3244 964 3315 habuisti,
983 3287 989 3300 .
1010 3287 1016 3300 .
1036 3281 1043 3299 .
1063 3261 1126 3299 eam
1146 3244 1389 3314 provinciam...

127 3365 130 3370 .
220 3316 340 3386 massige
354 3316 509 3385 Ausdruck,
527 3317 617 3372 selten
635 3333 720 3386 quam
737 3319 778 3385 ut,
831 3316 868 3371 ad
875 3334 1011 3372 summam
1021 3314 1172 3370 stultitiam
1181 3315 1390 3385 nequitiamque

221 3387 284 3441 sehr
315 3386 403 3442 selten
435 3404 519 3457 quam
547 3387 601 3442 mit
632 3387 697 3442 dem
727 3387 778 3442 inf.
830 3387 1014 3455 vanisse3126
1029 3404 1092 3443 curn
1101 3387 1228 3442 videmus
1242 3387 1391 3458 adpaueos

220 3462 265 3525 (au
279 3457 355 3512 Brut.
375 3459 447 3528 314).
480 3459 552 3513 Zeno
566 3475 714 3528 perpessus
735 3461 779 3513 est
831 3459 920 3513 omnis
942 3458 1069 3513 omnium
1090 3459 1237 3514 nationum
1259 3457 1390 3528 pecunias

220 3528 315 3586 omnia
332 3529 425 3599 potius
443 3547 529 3598 quarn
546 3527 671 3586 conscios
683 3529 778 3585 deleu-
831 3528 933 3586 venire.
951 3533 955 3599 1
971 3530 1039 3600 qaid
1051 3529 1128 3585 tum?
1142 3531 1222 3584 nicht
1232 3529 1316 3599 quid?
1329 3530 1391 3582 tum
1474 3571 1478 3579 .

219 3600 272 3656 dae
292 3600 448 3670 tyrannidis
470 3601 620 3670 indicaret,
643 3601 724 3656 Tuae.
742 3601 778 3670 Π,
831 3598 870 3656 ist
886 3619 920 3656 uu
938 3601 1157 3671 interpungiren,
1179 3601 1221 3655 als
1239 3601 1275 3655 ob
1294 3599 1389 3655 Cicero

220 3677 262 3727 52.
306 3670 432 3742 Madvig,
464 3671 514 3727 lat.
543 3671 589 3727 Gr.
618 3677 633 3738 ς
661 3678 727 3742 360,
754 3678 779 3728 4.
835 3671 894 3727 sich
907 3691 940 3726 zu
958 3672 1035 3728 einer
1053 3673 1175 3728 anderen
1189 3671 1249 3726 Zeit
1264 3686 1314 3725 vor
1327 3670 1391 3724 dem

219 3741 418 3798 Weissenborn
435 3761 469 3797 zu
490 3743 546 3800 biv.
566 3743 657 3811 1115,
677 3749 701 3800 2.
723 3742 728 3813 Ι
834 3742 1181 3813 Todegeffirchtethatte3
1194 3747 1280 3795 au40.
1293 3739 1296 3811 l
1308 3744 1391 3794 toan

166 3818 201 3867 46
253 3815 428 3884 proscriptio,
436 3813 635 3884 uneigentlich,
648 3820 690 3869 65.
702 3814 777 3886 ¹³3·l
832 3813 911 3869 fuhrt
937 3814 987 3869 das
1012 3814 1075 3869 dem
1104 3815 1195 3868 ersten
1218 3812 1285 3865 victi
1306 3817 1390 3865 meent

220 3886 273 3941 olii
294 3885 459 3950 inciderat,
488 3885 605 3940 weil‘er
628 3885 673 3941 ein
695 3885 778 3940 homo
832 3886 951 3954 improbi
964 3883 1183 3954 anteprechende
1197 3881 1294 3938 aweite
1308 3880 1391 3936 Glicd

220 3974 308 4012 novus
326 3973 392 4011 var.
429 3957 480 4011 alii
494 3987 527 3996 -
543 3957 647 4023 pelleret,
666 3955 779 4012 Clodius
833 3955 886 4011 ein.
897 3955 900 4028 1
910 3961 992 4010 autea
1005 3955 1050 4010 fur
1063 3954 1114 4009 das
1124 3955 1179 4008 her.
1193 3958 1250 4008 aut.
1265 3957 1348 4008 ardeo
1357 3983 1389 3992 —

219 4028 276 4082 und
300 4027 406 4084 Caeam.
432 4029 437 4096 l
461 4044 547 4082 smum
572 4043 661 4082 omues
683 4027 780 4086 sollte
832 4028 1000 4082 canebantur
1026 4025 1105 4080 fdhrt
1132 4024 1182 4081 das
1209 4026 1283 4080 etsta
1309 4021 1390 4078 (iliad

219 4097 306 4154 Koch.
323 4103 328 4166 l
343 4101 535 4170 depugnarem,
546 4097 637 4153 ‘hatte
645 4097 692 4152 ich
700 4098 778 4152 kam-
832 4102 976 4152 rwrtemac
997 4096 1168 4167 sapiebam,
1193 4113 1231 4151 aa
1248 4100 1308 4151 erm
1324 4095 1391 4149 melei

219 4169 286 4239 plen
309 4170 420 4239 sollen',
442 4169 495 4225 wie
518 4176 552 4224 43
571 4169 780 4234 contenderem
833 4168 861 4224 ff.
880 4169 930 4224 das
948 4168 1046 4223 awaite
1063 4186 1102 4224 aa
1119 4173 1178 4224 erat
1197 4207 1249 4222 ...
1265 4171 1391 4236 pretorem

220 4243 255 4294 48
268 4239 404 4296 timerem.
425 4243 429 4310 Ι
449 4241 619 4310 acciperent,
637 4259 671 4294 zu
689 4241 717 4301 Z,
732 4241 777 4311 {al
833 4257 890 4296 aus.
910 4242 914 4310 Ι
935 4241 967 4294 in
990 4244 1071 4294 tarta
1092 4271 1127 4280 -
1148 4238 1336 4304 multitudiue,
1362 4253 1390 4306 p.

165 4314 200 4363 47
255 4312 313 4366 siue
327 4313 418 4368 ormie.
447 4311 499 4368 Die
512 4311 596 4367 Form
611 4309 779 4383 desGegen-
833 4309 912 4367 Sulla
930 4315 971 4366 28.
989 4312 994 4381 Ι
1009 4312 1124 4366 esitium
1142 4310 1249 4364 anstatt
1266 4308 1316 4364 des
1334 4307 1388 4361 bar.

221 4385 308 4440 ratres
321 4379 360 4436 ist
369 4380 415 4439 die
429 4383 603 4439 ehiastisehe.
620 4385 625 4450 1
641 4383 678 4438 od
691 4399 780 4438 sevos
833 4381 959 4452 exilium,
986 4383 1024 4438 da
1046 4381 1110 4437 dem
1133 4379 1229 4436 Cicero
1250 4378 1283 4448 ja
1304 4376 1389 4448 grade

32 4477 42 4544 p
222 4484 255 4494 -
279 4459 422 4509 venturam
438 4455 536 4523 fuisse,
557 4455 598 4510 ‘in
615 4453 661 4510 die
679 4454 779 4510 Hande
831 4453 1022 4526 vorgeworten
1040 4471 1106 4524 war,
1125 4453 1190 4507 dass
1203 4467 1241 4520 er,
1259 4468 1308 4505 um
1326 4449 1388 4503 dem
