3026 4876
187 250 234 314 50
586 247 623 302 u.
643 246 764 302 runnu
783 245 976 302 ciceronis

188 411 345 496 primum,
368 409 482 474 deinde
506 409 616 493 aliqua
638 407 836 474 discessione
859 407 1034 490 contionis,
1061 407 1115 470 vix
1138 427 1210 470 sero
1234 408 1267 470 et
1289 428 1377 472 raro
1477 463 1478 466 ,

189 501 229 565 ad
253 521 367 563 manus
396 498 596 582 pervenitur:
626 497 718 560 nullo
748 518 822 561 vero
849 497 949 560 verbo
971 495 1072 578 facto,
1099 493 1190 560 nulla
1212 494 1373 560 contione

189 588 359 670 advocata,
393 586 484 652 nulla
514 586 582 651 lata
613 585 687 670 lege
718 585 915 652 concitatam
947 587 1140 649 nocturnam
1173 582 1372 648 seditionem
1478 600 1479 676 p

132 692 170 741 78
189 677 261 761 quis
286 674 432 740 audivit?
459 696 502 739 an
524 674 594 739 veri
616 672 721 738 simile
743 676 807 756 est,
834 676 871 737 ut
893 672 973 738 civis
995 671 1163 736 Romanus
1187 674 1244 736 aut
1265 672 1371 735 homo

188 764 272 830 liber
299 764 469 848 quisquam
498 783 572 826 oum
599 761 707 846 gladio
728 761 765 825 in
787 761 895 826 forum
923 759 1124 825 descenderit
1151 762 1228 824 ante
1250 758 1371 843 lucem,
1387 777 1409 816 e

188 874 229 916 ne
258 852 297 916 de
324 873 376 916 me
403 851 483 916 ferri
509 853 689 935 pateretur,
716 853 844 933 praeter
872 871 944 933 eos,
973 848 1029 934 qui
1057 848 1097 912 ab
1125 846 1182 912 illo
1210 845 1370 932 pestifero
1478 841 1479 886 ¹

189 962 228 1005 ac
253 939 380 1024 perdito
403 940 465 1004 civi
487 938 552 1002 iam
576 937 699 1021 pridem
729 939 776 1003 rei
798 937 946 1022 publicae
970 937 1128 1021 sanguine
1153 935 1370 1020 saginentur?

189 1029 242 1093 hic
269 1028 336 1094 iam
363 1027 403 1093 de
428 1028 502 1110 ipso
530 1028 717 1090 accusatore
746 1047 879 1111 quaero,
906 1025 962 1110 qui
988 1023 1024 1089 P.
1052 1023 1193 1090 Sestium
1221 1023 1372 1109 queritur

191 1140 264 1182 cum
286 1113 554 1181 multitudine'in
582 1115 752 1179 tribunatu
775 1118 807 1178 et
830 1136 903 1180 oum
931 1113 1091 1197 praesidio
1115 1133 1234 1198 magno
1257 1112 1370 1194 fuisse,

190 1227 269 1270 num
287 1203 343 1268 illo
367 1203 418 1268 die
440 1201 560 1268 fuerit‘?
585 1205 671 1268 certe
690 1224 758 1267 non
779 1202 851 1268 fuit.
895 1202 983 1267 victa
1006 1202 1174 1287 igiturest
1197 1222 1295 1266 eausa
1317 1200 1370 1265 rei
1389 1220 1424 1258 rc

190 1293 338 1378 publicae
354 1295 387 1356 et
405 1291 491 1374 ¹victe
504 1312 571 1355 non
585 1290 747 1374 auspiciis,
769 1312 836 1355 non
850 1291 1090 1373 intercessione,
1111 1312 1179 1355 non
1193 1289 1371 1374 suffragiis,

192 1381 248 1446 sed
270 1381 313 1464 vi,
335 1401 448 1462 manu,
475 1379 572 1445 ferro.
616 1400 694 1443 nam
721 1379 750 1443 si
772 1378 998 1444 obnuntiasset
1019 1377 1169 1444 Fabricio
1196 1378 1225 1442 is
1253 1377 1370 1462 quise

192 1491 337 1534 servasse
361 1467 399 1532 de
423 1467 511 1532 caelo
535 1466 674 1550 dixerat,
703 1467 880 1552 accepisset
903 1489 954 1532 res
978 1466 1106 1550 publica
1135 1467 1281 1550 plagam,
1310 1465 1370 1530 sed

191 1579 278 1638 eam,
305 1578 402 1641 quam
426 1558 592 1638 acceptam
615 1575 743 1639 gemere
765 1557 891 1641 posset:
920 1555 948 1619 si
971 1554 1208 1621 intercessisset
1230 1555 1370 1638 conlega

191 1643 355 1727 Fabricio,
386 1643 535 1708 laesisset
567 1665 636 1707 rem
666 1643 844 1729 publicam,
878 1644 934 1708 sed
968 1645 1049 1724 [rem
1079 1642 1257 1727 publicam]
1296 1641 1369 1706 iure
1389 1663 1422 1702 ra

191 1732 353 1798 laesisset:
391 1731 585 1816 gladiatores
619 1735 657 1796 tu
691 1733 850 1817 novicios,
886 1753 945 1816 pro
983 1733 1169 1817 exspectata
1202 1731 1370 1796 aedilitate

193 1821 388 1906 suppositos,
412 1842 484 1886 cum
508 1820 631 1885 sicariis
650 1841 809 1886 coarcere
823 1821 955 1886 emissis
970 1822 1045 1885 ante
1067 1819 1171 1886 lucem
1185 1817 1368 1884 immittas?
1482 1821 1483 1880 l

192 1910 405 1994 magistratus
428 1909 552 1992 templo
577 1907 720 1974 deicias?
748 1909 879 1974 caedem
906 1909 1081 1973 maximam
1108 1907 1233 1974 facias?
1259 1907 1370 1973 forum

192 1997 335 2082 purges?
359 1999 406 2080 et,
434 2017 507 2061 oum
531 1997 640 2061 omnia
666 1997 698 2061 vi
721 2000 755 2061 et
782 1997 881 2062 armis
904 1997 1022 2082 egeris,
1044 2017 1175 2062 accuses
1203 2017 1291 2080 eum,
1312 1995 1372 2080 qui

193 2258 423 2327 Handschriftcn;
445 2265 495 2314 105
515 2258 631 2329 largitio
649 2261 678 2313 et
691 2277 755 2329 spes
809 2257 937 2328 (Madvig
974 2258 1032 2313 will
1062 2258 1187 2328 diceret).
1208 2259 1213 2328 Ι
1234 2257 1372 2312 Fabricio

194 2328 333 2384 commodi
355 2330 563 2398 propositam.
600 2329 635 2384 de
659 2329 705 2385 off.
729 2337 754 2398 2,
810 2329 839 2382 Z.
859 2335 893 2382 12
910 2329 950 2384 iat
971 2328 1115 2384 vielleioht
1139 2347 1190 2384 aus
1209 2329 1237 2382 Z.
1258 2335 1290 2383 15
1310 2327 1370 2382 eiu·

194 2405 228 2452 21
254 2399 417 2468 largitiones
445 2400 554 2481 aliquas
581 2403 755 2468 proponunt3
829 2399 956 2455 esalscht.
982 2405 986 2468 Ι
1010 2417 1093 2469 qaam
1124 2400 1293 2469 wenigstens
1328 2399 1371 2452 im

193 2476 228 2524 29
242 2468 373 2538 praemiis
385 2469 545 2538 proposrtia.
562 2471 567 2537 Ι
582 2471 756 2525 carosam:
809 2417 878 2524 dian
910 2487 966 2526 von
998 2487 1083 2539 quam
1110 2472 1214 2526 tamen.
1239 2475 1244 2540 Ι
1267 2485 1372 2539 gemere

192 2542 287 2595 zuerat
304 2539 428 2594 erhitaen
451 2539 510 2594 sich
528 2538 574 2594 die
593 2540 755 2609 Gemuther,
805 2545 897 2610 poscet
921 2541 961 2594 im
984 2539 1052 2595 Sinn
1076 2557 1130 2596 von
1156 2541 1292 2610 perform
1319 2539 1373 2594 der

194 2628 224 2666 es
247 2610 346 2665 erhebt
368 2609 428 2664 sich
446 2609 492 2665 ein
512 2609 657 2680 Geschrei,
679 2611 756 2666 dana
810 2610 1369 2680 Soblagwaralsoniohttbdtliob(4l)-

193 2681 288 2737 rottan
327 2680 388 2736 sich
424 2680 469 2736 die
510 2681 756 2752 Gleiobgesinnten
810 2682 889 2738 sonat
919 2682 999 2737 hatte
1026 2682 1076 2737 der
1106 2682 1260 2753 getroffene
1291 2680 1372 2736 nicht

194 2768 362 2807 zusammen.
383 2754 388 2821 Ι
411 2753 561 2808 moecatur
587 2754 675 2808 durch
707 2753 756 2808 das
810 2753 890 2807 mehr
903 2753 1134 2810 seufaenkbnnen
1147 2784 1190 2822 -,
1204 2751 1371 2808 wennauoh

194 2823 362 2893 Ruhegebot
397 2822 447 2877 dos
482 2839 595 2893 praec03
629 2841 658 2879 es
689 2824 756 2879 ram
810 2824 999 2880 achmeralich.
1036 2823 1127 2893 (Koch
1139 2823 1235 2880 wollte
1252 2822 1371 2878 reddere

194 2893 757 3033 iterandugirluaffttmn‘la
810 2894 850 3020 u
865 2894 1220 3021 titmtaffltliliit
1238 2894 1374 3018 *ἑὲἷῖἓᾷ

913 3008 919 3019 ·
968 3009 974 3034 r
1040 3007 1050 3033 r

196 3033 420 3104 Versammlung,
436 3034 611 3104 geschweige
626 3053 689 3090 nam
704 3035 756 3090 Ge·
811 3036 988 3092 obnuntiatio
1018 3051 1074 3090 von
1102 3034 1197 3088 Seiten
1225 3033 1274 3086 der
1301 3033 1374 3087 Ver-

191 3104 412 3174 actavorsohleg.
429 3106 433 3173 Ι
808 3106 948 3175 theidiger
966 3106 1014 3162 dei
1029 3105 1139 3159 Staates
1153 3101 1295 3167 beaiehen,
1315 3107 1374 3174 79.)

142 3174 178 3224 ‘18
232 3181 264 3230 at
282 3175 358 3231 steht
370 3176 444 3230 nach
457 3177 601 3231 cabimile
614 3182 661 3243 ost,
674 3194 756 3232 wenn
811 3175 816 3246 l
841 3178 952 3244 conlega
983 3173 1139 3242 antapricht
1174 3173 1239 3228 dem
1270 3171 1372 3228 (iliade

196 3245 255 3302 dies
290 3245 435 3301 mittelbar
468 3246 536 3301 oder
573 3245 756 3301 unmittelbar
809 3243 1372 3316 oquacixerat.1[remp.]wnrdeden

196 3315 290 3385 negirt
301 3315 347 3369 ist.
365 3317 369 3382 Ι
384 3317 559 3384 saginantur,
575 3315 629 3370 wie
643 3315 756 3371 Gladia-
810 3315 859 3370 auf
875 3317 936 3371 iare
957 3315 1101 3369 ruhcnden
1119 3313 1291 3370 Nachdruck
1313 3331 1372 3368 aer·

196 3389 283 3441 toreu.
307 3386 532 3454 [eboraciaeeea
564 3386 628 3440 dem
655 3386 755 3442 Volks·
811 3388 912 3442 steren.
947 3385 1217 3456 Verfasaungamasa'
1263 3402 1322 3440 war
1340 3402 1372 3439 er

196 3456 327 3511 tribunen
344 3455 449 3512 kounte
468 3471 564 3511 ausser
582 3454 677 3511 seinen
693 3456 755 3512 Col·
810 3455 975 3526 berechtigt,
987 3457 1206 3512 wenuauchder
1240 3456 1371 3522 ebraucb,

196 3529 279 3597 legen
326 3526 557 3582 wahraoheinlioh
597 3528 668 3582 auch
711 3527 756 3582 ein
810 3527 864 3581 den
889 3544 920 3583 er
945 3543 1000 3582 von
1027 3527 1090 3582 dem
1117 3526 1253 3584 formalem
1279 3526 1373 3582 Reoht

198 3596 318 3653 Consul·
338 3598 405 3653 oder
434 3597 534 3653 Prator
570 3597 755 3654 obnuntiiren.
811 3601 848 3667 (p.
867 3603 911 3667 4⁷,
930 3599 1108 3670 ammaonte,
1127 3597 1371 3668 beklagenswerth

196 3670 253 3723 Der
270 3667 387 3723 Praetor
404 3668 512 3738 Appius
529 3669 609 3724 batte
627 3685 684 3723 nun
702 3669 757 3724 den
811 3667 1371 3740 erscbeinenkcnnte.lsappoeitoe,diedu

197 3738 321 3793 Himmel
334 3737 438 3794 bereits
452 3739 621 3795 beobachtet
638 3771 669 3779 -
680 3740 756 3795 diese
811 3741 1038 3796 anatattdervon
1047 3738 1091 3794 dir
1100 3737 1370 3809 erwartetenprtoh-

198 3809 326 3866 einfaohe
340 3811 383 3864 An
421 3810 458 3864 be
478 3813 602 3881 genugte
621 3829 670 3864 zur
689 3811 756 3866 Auf-
811 3810 889 3881 tigen
917 3810 1115 3866 aedilioiechen
1143 3810 1235 3880 Spiele
1265 3810 1369 3863 ‘unter-

197 3880 312 3952 hebung
325 3826 590 3951 derbaerhandlnng
604 3913 636 3921 —
651 3900 678 3937 a.
697 3881 758 3938 sich
811 3881 980 3950 gesoboben’
1014 3882 1087 3947 best,
1114 3880 1167 3936 mit
1197 3879 1372 3950 Anspielung

198 3951 319 4008 darfiber
332 3951 568 4022 ausgesproohen:
584 3951 635 4006 ebe
649 3970 678 4007 es
692 3953 759 4008 aber
813 3950 863 4006 aui
878 3952 923 4006 die
941 3951 971 4006 in
989 3952 1040 4006 das
1054 3951 1123 4006 Jahr
1136 3950 1185 4005 der
1202 3950 1385 4021 gehalteneu-

200 4041 248 4078 zur
262 4021 437 4079 obnuntiatio
451 4022 527 4091 kam,
543 4037 601 4077 war
614 4022 758 4078 Fabricius
812 4021 888 4076 Reda
902 4023 1022 4078 fallenda
1035 4021 1173 4077 Aedilitltt
1186 4022 1236 4076 des
1249 4019 1372 4077 Clodius.

199 4094 285 4149 achon
304 4111 369 4149 vom
387 4095 489 4148 Forum
514 4092 668 4162 gettieben.
705 4093 758 4149 Die
815 4094 978 4165 limoaittas,
996 4093 1106 4148 solltest
1119 4092 1261 4147 auruolren
1278 4090 1371 4146 lasaen

199 4165 262 4221 Hsr.
285 4164 377 4220 haben
404 4165 429 4219 ia
455 4166 569 4234 praetor
595 4164 656 4232 qui:
684 4163 758 4218 dann
813 4163 930 4218 dunen?
952 4163 982 4217 in
1006 4163 1055 4217 der
1074 4162 1303 4234 Vergengenheit
1320 4161 1371 4216 im-

200 4235 296 4291 warde
332 4235 382 4290 dor
412 4235 529 4290 Praetor
565 4233 614 4304 qui
650 4234 759 4290 dixerat
812 4233 1372 4305 mitterea‘hbttestgedurit’.{parpes=

167 4323 172 4338 ·
200 4304 291 4360 einem
323 4305 444 4360 anderen
475 4304 759 4376 gegendbergeatellt.
813 4321 932 4360 vacuam
950 4304 1064 4370 reddam
1088 4305 1160 4359 ferro
1183 4306 1254 4359 aetat
1271 4302 1374 4358 Probat

198 4379 313 4450 praetor
321 4375 359 4432 iat
368 4375 430 4430 eine
442 4375 582 4447 (riobtige)
593 4375 759 4445 erklarung.
814 4394 855 4430 au.
875 4375 956 4431 Tuae.
964 4380 989 4445 ὅ,
1000 4382 1033 4431 et
1043 4373 1162 4430 immissi
1175 4391 1238 4429 oum
1251 4372 1373 4428 falcibus
