3026 4876
443 241 516 298 rao
535 242 565 298 P.
585 241 712 299 suerro
733 242 870 302 oaumo
890 249 1004 312 ιιι-11,
1268 248 1310 312 15

139 427 190 472 ma
218 405 290 472 dius
317 405 426 488 fidius,
458 404 612 490 conlegae
640 405 691 468 sui
717 403 884 470 libidinem
911 406 1143 492 levitatemque
1170 408 1314 494 frangat3

137 494 271 560 habebit
303 496 436 558 senatus
465 493 500 556 in
532 493 619 556 hunc
640 514 767 557 annum
799 514 896 577 quem
927 498 1092 579 sequatur;
1118 517 1186 562 non
1212 497 1315 563 deerit

138 586 252 649 auctor
275 582 394 652 etdux
416 579 533 646 bonis?
579 580 659 646 mihi
681 580 818 665 denique
840 580 987 646 homines
1010 585 1181 668 praecipue
1204 589 1313 670 gratu-

137 670 299 754 labantur,
318 668 403 755 quod
422 669 594 744 habiturus
607 690 712 734 essem
727 672 842 734 contra
855 671 1023 742 tribunum
1036 672 1140 754 plebis
1154 673 1313 740 furiosum

112 763 170 822 set
201 759 356 824 audacem
387 779 461 822 cum
491 757 630 822 amicum
662 760 695 822 et
727 757 867 825 adfinem
898 762 969 825 tum
1002 761 1101 826 etiarn
1131 761 1249 828 fortem
1280 766 1314 827 et

137 866 268 930 gravem
295 846 469 914 consulem,
520 849 622 930 atque,
644 867 756 912 eorum
783 846 866 912 alter
892 846 1011 918 fefellit
1034 849 1211 916 neminem:
1239 851 1348 935 quiso

137 934 230 1016 enim*
250 935 376 1000 clanim
406 934 493 1002 tanti
514 934 643 1019 imperii
664 937 776 999 tenere
799 938 831 1000 et
854 935 1073 1019 gubernacula
1095 939 1142 1002 rei
1164 939 1312 1022 publicae
1496 983 1497 1048 ,

136 1025 277 1088 tractare
286 1025 321 1088 in
335 1023 476 1090 maximo
491 1043 587 1088 cursu
601 1044 638 1088 ac
647 1023 798 1088 fiuctibus
812 1045 907 1107 posse
922 1024 1134 1092 arbitraretur
1147 1025 1312 1093 hominem
1496 1057 1497 1104 ι

55 1165 58 1174 .
136 1131 295 1176 emersum
319 1111 427 1176 subito
451 1132 490 1176 ex
514 1111 674 1176 diuturnis
697 1111 839 1178 tenebris
862 1113 1039 1178 lustrorum
1058 1135 1096 1178 ac
1119 1117 1312 1197 stuprorum,
1496 1105 1497 1140 ³

16 1264 21 1273 ,
96 1222 122 1260 10
135 1199 221 1282 vino,
239 1198 362 1284 ganeis,
380 1197 549 1264 lenociniis
565 1197 793 1283 adulteriisque
808 1199 1012 1267 conlectum?
1053 1222 1127 1268 cum
1140 1201 1168 1266 is
1182 1207 1312 1284 praeter

136 1309 226 1370 spem
248 1287 284 1352 in
306 1285 467 1352 altissimo
490 1286 593 1372 gradu
617 1286 732 1352 alienis
756 1287 871 1370 opibus
894 1289 1021 1372 positus
1045 1291 1144 1373 esset,
1167 1291 1311 1375 quinon

134 1374 231 1446 modo
262 1377 491 1459 tempestatem
522 1374 763 1459 impendentem
793 1375 914 1444 intueri
946 1377 1155 1460 temulentus,
1188 1379 1244 1444 scd
1270 1401 1311 1444 ne

134 1463 239 1530 lucem
262 1463 390 1547 quidem
418 1463 583 1530 insolitam
606 1463 750 1546 aspicere
772 1465 907 1548 posset?
952 1466 1035 1530 alter
1064 1466 1185 1534 multos
1212 1468 1311 1548 plane
1330 1484 1363 1531 21

133 1551 168 1616 in
190 1553 296 1618 omnis
314 1552 417 1635 partis
436 1551 565 1636 fefellit,
589 1552 764 1618 eratenim
783 1553 951 1618 hominum
969 1554 1118 1639 opinioni
1139 1555 1310 1622 nobilitate

46 1700 48 1703 ,
95 1659 120 1700 1⁵
135 1639 216 1726 ipsa,
241 1640 362 1706 blanda
384 1640 647 1723 conciliatricula,
671 1642 923 1707 commendatus.
947 1663 1059 1708 omnes
1082 1643 1162 1708 boni
1184 1665 1311 1727 semper

133 1727 301 1793 nobilitati
313 1728 471 1811 favemus,
494 1731 527 1792 ct
540 1728 617 1811 quia
629 1728 710 1792 utile
725 1731 776 1792 est
788 1730 836 1792 rei
857 1729 1004 1812 publicae
1018 1731 1138 1794 nobilis
1160 1731 1309 1796 homines

134 1837 204 1880 esse
227 1816 342 1900 dignos
361 1816 542 1890 ‚maioribus
570 1814 651 1900 suis,
678 1819 712 1880 et
739 1816 816 1900 quia
837 1817 925 1883 valet
947 1818 1034 1902 apud
1059 1840 1121 1886 nos
1150 1819 1310 1886 clarorum

134 1903 303 1970 hominum
337 1907 370 1970 ct
400 1904 483 1969 bene
513 1903 551 1968 de
582 1925 618 1970 re
649 1904 780 1988 publica
806 1906 994 1972 meritorum
1025 1907 1183 1972 memoria
1211 1909 1310 1975 etiam

45 2041 47 2047 a
134 1995 343 2059 mortuorum.
389 1993 466 2077 quia
488 1992 616 2057 tristem
639 2013 779 2076 semper,
803 1995 881 2078 quia
901 1994 1113 2079 taciturnum,
1136 1997 1213 2080 quia
1236 1998 1309 2061 sub-

93 2102 120 2141 ao
133 2079 301 2146 horridum
329 2083 426 2165 atque
452 2080 612 2149 incultum
639 2081 806 2164 videbant,
834 2086 867 2147 et
894 2082 981 2168 quod
1007 2087 1077 2148 crat
1103 2105 1142 2148 eo
1168 2085 1309 2168 nomine,

133 2171 171 2232 ut
183 2170 372 2254 ingenerata
384 2169 528 2234 familiae
546 2169 717 2254 frugalitas
730 2171 903 2254 videretur,
920 2171 1084 2254 favebant,
1103 2172 1309 2256 plaudebant,

134 2260 167 2322 ct
180 2257 222 2322 ad
244 2257 466 2342 integritatem
481 2257 641 2324 maiorum
665 2279 721 2342 spe
740 2281 798 2324 sua
814 2259 981 2325 hominem
994 2260 1158 2324 vocabant
1170 2262 1310 2325 materni

134 2345 261 2429 generis
285 2346 386 2412 obliti
431 2367 492 2431 ego
516 2349 625 2412 autem
650 2383 689 2394 -
714 2348 931 2426 veredicum,
958 2347 1089 2431 iudices,
1116 2383 1153 2394 -
1179 2351 1308 2413 tantum
1328 2368 1361 2414 aa

134 2455 205 2498 esse
228 2435 264 2499 in
290 2433 422 2500 homine
445 2436 588 2519 sceleris,
617 2436 783 2520 audaciae,
813 2435 1026 2520 crudelitatis,
1054 2440 1212 2521 quantum
1240 2437 1309 2520 ipse

133 2680 205 2748 dac,
232 2678 305 2733 nach
332 2679 509 2738 constantem
538 2679 694 2749 Sprachge-
748 2694 844 2732 sarum
857 2678 1021 2748 imaginum.
1038 2680 1042 2746 Ι
1058 2679 1093 2736 ol,
1108 2693 1190 2744 coac,
1205 2679 1308 2735 donat

133 2749 240 2804 brauch
254 2749 429 2815 verbunden3
443 2755 487 2804 38.
503 2755 693 2815 61.11a1ee;
749 2748 823 2804 deor.
844 2755 868 2816 1,
884 2754 916 2802 17
935 2764 991 2802 non
1004 2748 1092 2816 vides,
1106 2764 1192 2817 quam
1206 2749 1310 2805 blanda

137 2837 157 2875 s.
176 2838 211 2874 zu
229 2825 271 2874 99.
288 2822 293 2888 Ι
309 2821 440 2886 adfinem
457 2819 522 2873 weil
540 2818 586 2874 die
604 2819 694 2874 Toch-
749 2817 924 2873 conciliatrix
947 2818 985 2872 sit
1002 2820 1142 2885 natural!
1158 2820 1309 2876 uideretur:

133 2893 177 2945 ter
191 2888 309 2957 Ciceros,
323 2889 426 2957 Tullia,
440 2888 494 2943 mit
508 2889 572 2944 dem
586 2889 614 2944 (l.
628 2889 694 2944 Piso
749 2888 813 2943 dass
837 2889 886 2944 dar
903 2888 1038 2944 Beiname
1055 2889 1142 2959 Frugi
1165 2890 1242 2944 einer
1260 2907 1308 2946 an·

132 2960 232 3030 Frugi,
251 2959 342 3016 cinam
360 2959 550 3015 Verwandtcn
567 2959 616 3014 des
629 2960 694 3014 Piso
748 2959 834 3013 deren
858 2959 975 3014 Familia
1000 2959 1051 3015 der
1075 2960 1197 3016 Pisonen
1224 2978 1309 3032 ange·

133 3031 325 3087 verheirathet
342 3047 408 3087 war.
425 3033 430 3099 Ι
445 3031 553 3086 clauum
571 3049 598 3085 u.
622 3048 643 3086 s.
659 3049 693 3086 w.
747 3030 842 3096 hluto,
874 3030 1008 3085 beachtct
1040 3031 1090 3084 der
1117 3031 1228 3085 Paedner
1260 3033 1308 3087 ab·

132 3101 526 3171 DerVergleichdcsStaatas
539 3101 592 3156 mit
603 3100 694 3156 cinam
748 3099 879 3156 sichtlioh
908 3101 995 3160 nicht.
1019 3102 1212 3170 lplaudebant
1239 3103 1310 3156 statt

134 3171 223 3228 Schiff
238 3175 296 3242 (46)
313 3174 384 3245 geht
402 3171 456 3228 seit
469 3173 592 3229 Alkaeos
606 3173 694 3228 durch
746 3170 796 3226 des
832 3171 1101 3227 handschriftlichen
1138 3171 1308 3241 gaudebant,

133 3244 184 3298 das
216 3259 304 3313 ganne
336 3244 511 3311 Alterthum3
543 3245 575 3299 in
604 3245 693 3298 maci-
746 3241 812 3296 weil
834 3242 885 3296 das
903 3243 1067 3312 asyndeton
1085 3242 1238 3298 desselben
1255 3243 1307 3298 Be-

131 3330 176 3368 mo
194 3330 293 3380 anca,
311 3314 445 3370 wahrand
463 3315 513 3369 der
531 3314 693 3370 rascheaten
747 3311 815 3382 griff
834 3312 865 3367 in
888 3313 1088 3384 gasteigcrtem
1106 3313 1198 3368 Macae
1221 3313 1308 3369 erfor-

132 3384 230 3439 Fahrt.
246 3387 250 3452 Ι
267 3387 424 3453 confectam,
437 3385 515 3454 phil.
534 3391 559 3453 2,
579 3391 607 3440 6:
627 3385 692 3440 vino
747 3383 822 3450 dert;
843 3389 892 3438 115
912 3382 947 3452 ei,
966 3384 1015 3453 qui
1031 3426 1036 3438 .
1053 3427 1059 3438 ,
1074 3424 1081 3437 .
1096 3384 1193 3440 favore
1209 3384 1308 3454 populi

133 3455 285 3524 lustrisque
315 3454 464 3511 confectis.
485 3456 490 3526 Ι
511 3457 609 3512 alicnis
639 3472 693 3524 op„
747 3455 1004 3524 ducitur,plausum
1015 3454 1306 3510 immortalitatem...

133 3527 184 3582 der
205 3525 374 3581 Triumvirn.
395 3528 399 3594 Ι
419 3542 476 3580 non
497 3528 575 3582 modo
597 3531 693 3596 tanpc-
746 3524 836 3580 videri
857 3541 970 3580 necesse
993 3526 1049 3592 est3
1074 3524 1124 3580 Ov.
1149 3543 1203 3580 am.
1227 3531 1256 3594 3,
1281 3532 1306 3594 2,
1397 3587 1400 3594 ,

132 3603 229 3652 statem
251 3628 285 3638 -
308 3599 354 3652 sed
373 3613 408 3652 nc
426 3598 511 3652 lucem
532 3597 640 3666 quidem
658 3622 692 3643 =
746 3602 781 3650 43
804 3597 908 3665 lingrris
926 3595 1081 3665 animisque
1102 3595 1208 3651 favete:
1235 3597 1306 3652 tem-

131 3685 168 3723 ne
190 3669 209 3722 l.
233 3667 348 3736 quidem
366 3697 401 3708 -·
419 3668 522 3722 nedum
540 3670 606 3722 tem.
625 3667 692 3721 llll.-
746 3684 799 3736 pus
821 3667 902 3722 adest
923 3665 1051 3736 plausum
1078 3683 1124 3720 ars
1148 3674 1177 3735 1,
1202 3673 1252 3722 148
1274 3670 1307 3725 tu

134 3738 582 3808 commercatricem,
604 3737 693 3794 wahr-
746 3737 849 3792 Veneri
889 3737 1020 3792 dominae
1054 3737 1157 3807 plaude
1194 3737 1306 3793 favente

132 3810 265 3878 nahmen,
297 3809 468 3880 praevidere.
490 3809 494 3876 Ι
515 3813 693 3877 tempestatan
746 3823 840 3864 manu.
861 3811 866 3875 l
886 3813 911 3862 ct
937 3807 1012 3862 reiht
1039 3825 1075 3863 an
1101 3807 1147 3862 die
1173 3827 1207 3862 zu
1229 3809 1311 3876 einer

133 3910 170 3919 -
196 3883 364 3938 temulentas.
409 3881 450 3935 Zu
476 3879 615 3935 beachten
642 3879 692 3934 das
746 3877 1072 3934 llinheitverbundenen
1086 3879 1181 3934 Verba
1193 3880 1249 3946 suo.
1264 3879 1305 3946 pl.

134 3949 263 4006 Gewicht
279 3951 330 4005 der
342 3950 403 4007 viar
417 3950 598 4020 viersilbigen
611 3949 692 4005 Wdr-
747 3950 789 4003 als
804 3949 917 4004 zweites
933 3949 1014 4005 Glied
1027 3950 1170 4004 vocabant.
1195 3947 1305 4004 Andere

132 4025 185 4090 ter,
200 4037 255 4076 von
269 4019 360 4076 denen
373 4021 526 4078 chiantisch
532 4021 582 4077 die
590 4021 693 4076 beiden
746 4020 887 4075 streichen
903 4021 1068 4090 caedebant.
1085 4023 1089 4088 1
1104 4019 1247 4084 coemant,
1265 4019 1305 4074 sie

133 4098 265 4147 ausseren
287 4091 339 4146 mit
361 4097 385 4158 t,
410 4093 456 4148 die
479 4092 581 4148 beiden
599 4091 692 4161 einge-
747 4090 925 4146 bestimmten
935 4092 986 4146 ihn
994 4092 1025 4146 in
1034 4090 1109 4146 ihrer
1119 4088 1261 4159 Hoffnung
1270 4108 1306 4144 au

134 4163 312 4218 schlossenen
335 4161 389 4216 mit
407 4164 418 4216 ι’
435 4163 584 4232 anlangen.
601 4167 606 4231 Ι
747 4162 796 4216 der
804 4181 831 4219 u.
843 4180 864 4217 s.
874 4181 918 4229 ιι,
932 4162 1040 4218 hofftcn
1050 4177 1106 4215 von
1120 4159 1180 4214 ihm
1190 4159 1236 4214 die
1246 4177 1272 4214 u.
1283 4178 1304 4215 s.

77 4237 112 4285 21
170 4233 418 4303 inoportesnach
427 4233 608 4298 allenSeiten
616 4232 693 4356 hiup
746 4253 780 4290 w.
801 4235 805 4302 Ι
825 4234 943 4288 materni
962 4233 1028 4287 obl:
1051 4231 1115 4286 dass
1133 4230 1198 4285 Piso
1218 4231 1307 4285 selbst

134 4306 343 4370 commodatus,
356 4304 386 4358 in
396 4303 451 4358 Pis.
467 4310 482 4358 1
497 4303 673 4373 obrepsistia
746 4307 837 4358 seiner
854 4303 1012 4374 gollischen
1024 4302 1129 4356 Mutter
1143 4317 1193 4355 aus
1211 4301 1305 4356 niedc·

133 4377 252 4432 honores
268 4419 274 4434 .
337 4374 577 4430 commendatione
601 4373 692 4428 furno-
745 4391 804 4429 rem
810 4375 914 4430 Stande
920 4373 1031 4429 Unchre
1039 4373 1159 4440 machte,
1166 4371 1240 4426 wirlt
1246 4371 1306 4425 ihm

1293 4562 1356 4832 j
