3026 4876
218 253 264 320 24
609 252 648 307 n.
666 251 789 307 rouen
809 249 1000 308 oronnorus

1490 295 1491 382 l

220 415 511 499 conscriberentn,
542 414 795 498 desumerentur,
824 414 865 480 ed
887 414 953 479 vim
976 414 1016 478 ed
1039 435 1168 497 manus,
1195 413 1236 481 ed
1259 414 1395 480 eaedem

221 506 262 572 ad
294 505 507 589 direptionem
542 503 766 586 incitarentu13
805 503 969 586 isdemque
1009 503 1193 568 oonsulibus
1229 525 1319 568 arma
1354 503 1393 568 in
1490 507 1491 546 l

220 595 378 678 templum
393 590 536 658 Castoris
550 593 659 676 palem
673 592 966 676 comportabantur,
983 592 1102 676 gradus
1117 591 1258 657 eiusdem
1276 592 1393 675 templi

221 683 434 765 tollebantur3
472 681 588 746 armati
623 680 772 746 homines
807 679 914 746 forum
947 683 979 744 et
1016 680 1184 746 contiones
1221 681 1392 762 tenebant3

222 772 334 840 caedes
349 770 626 854 lapidationesque
640 769 774 851 fiebant;
796 769 903 834 nullus
923 763 993 832 erat
1006 771 1146 852 senatus,
1169 768 1252 834 nihil
1272 769 1392 852 reliqui
1408 787 1424 828 s

222 861 445 945 magistratum
473 880 556 922 unus
580 878 707 922 omnem
732 857 875 922 omnium
897 859 1092 940 potestatem
1115 857 1213 922 ermis
1237 862 1270 921 et
1292 858 1392 922 latro-

223 949 315 1014 einiis
338 947 538 1033 possidebat,
565 967 633 1010 non
656 945 819 1030 eliquari
842 967 914 1030 sua,
935 945 993 1010 sed
1016 967 1089 1010 oum
1112 945 1176 1010 duo
1200 947 1348 1011 eonsules
1371 967 1393 1010 u

221 1059 257 1102 re
283 1037 412 1121 publiea
438 1033 677 1119 provinciarum
704 1033 832 1100 foedere
860 1035 1059 1118 retraxisset,
1086 1033 1267 1100 insultabat
1288 1034 1393 1099 domi-

220 1126 373 1207 nabatur,
406 1123 592 1190 minabatur
619 1123 707 1206 eliis,
731 1123 802 1188 aliis
830 1123 1054 1208 pollicebatur3
1083 1126 1205 1188 terrore
1234 1145 1271 1188 so
1302 1126 1392 1188 metu

223 1215 351 1297 multos,
372 1212 475 1296 pluris
490 1211 588 1277 etiam
612 1233 667 1296 spe
682 1216 715 1276 et
727 1211 896 1295 promissis
915 1212 1056 1276 tenebat.
1102 1233 1183 1296 quse
1198 1233 1271 1276 oum
1285 1216 1395 1278 essent
1411 1231 1440 1270 ιο

170 1317 204 1366 35
224 1303 293 1370 eius
315 1300 417 1386 modi,
439 1299 574 1384 iudices,
602 1321 673 1365 eum
701 1303 830 1365 senatus
858 1299 954 1366 duces
982 1301 1088 1366 nullos
1117 1321 1153 1366 ee
1176 1321 1235 1384 pro
1257 1300 1393 1366 ducibus

223 1389 403 1475 proditores
436 1392 492 1456 aut
518 1389 627 1473 potius
661 1391 790 1473 apertos
820 1388 925 1454 hostis
958 1388 1105 1472 haberet,
1138 1392 1286 1474 equester
1313 1388 1393 1454 ordo

224 1501 298 1544 reus
313 1501 332 1544 a
345 1478 532 1544 consulibus
546 1478 708 1561 niteretur,
721 1476 834 1542 Italiae
852 1477 953 1542 totius
968 1479 1142 1542 auotoritas
1160 1477 1395 1561 repudiaretur,

225 1568 280 1634 alii
302 1567 496 1633 nominatim
518 1567 752 1652 relegarentur,
781 1565 839 1630 alii
861 1569 948 1630 metu
971 1570 1005 1630 et
1027 1566 1169 1649 perieulo
1187 1569 1395 1650 terrerentur,

193 1678 315 1751 ,torma
343 1657 450 1720 essent
476 1655 512 1720 in
539 1654 682 1739 templis,
714 1655 830 1722 armati
856 1655 891 1718 in
918 1655 1006 1739 foro,
1040 1675 1141 1738 eaque
1167 1676 1235 1720 non
1262 1655 1393 1720 silentio
1411 1673 1441 1712 15

225 1744 392 1812 sensnum
429 1743 724 1828 dissimularentur,
761 1743 816 1810 sed
856 1746 890 1808 et
924 1764 1002 1810 voce
1038 1747 1071 1808 et
1107 1743 1270 1808 sententie
1307 1765 1394 1808 oom-

225 1833 454 1918 probarentur,
481 1854 555 1898 eum
578 1852 688 1898 omnes
711 1832 824 1898 urbem
846 1832 989 1897 nondum
1012 1833 1151 1919 exeissm
1179 1836 1212 1896 et
1239 1853 1394 1909 eversam,

151 1979 154 1994 .
227 1923 282 1987 sed
305 1922 371 1986 iam
393 1924 524 2005 eaptam
547 1924 642 2005 atque
666 1942 853 2004 oppressam
875 1920 1066 2004 videremus,
1088 1923 1197 1986 temen
1218 1920 1270 1984 his
1293 1920 1394 1986 tentis

195 2062 196 2070 ,
226 2010 320 2075 malis
342 2013 437 2074 tanto
467 2010 628 2075 bonorum
656 2009 777 2093 studio,
809 2008 946 2092 iudices,
975 2008 1221 2092 restitissemus,
1255 2009 1310 2074 sed
1340 2030 1395 2072 me

228 2099 282 2163 alii
305 2101 409 2163 metus
433 2101 528 2182 etque
552 2098 635 2163 aliae
654 2118 748 2162 aurae
772 2096 1031 2182 suspicionesque
1054 2100 1233 2162 moverunt.
1410 2116 1443 2156 2⁰

175 2201 213 2258 16
314 2186 486 2270 Exponam
500 2187 586 2251 enim
599 2185 755 2251 hodierno
770 2185 829 2270 die,
851 2185 981 2264 iudices,
1004 2207 1131 2250 omnem
1144 2186 1302 2250 rationem
1315 2185 1396 2250 faeti

173 2293 208 2342 36
228 2280 261 2341 et
284 2274 411 2342 consilii
438 2276 514 2360 mei,
540 2296 643 2360 neque
669 2273 745 2340 huie
771 2277 879 2339 vestro
906 2277 999 2340 tanto
1027 2274 1132 2341 studio
1161 2273 1310 2340 audiendi
1335 2295 1396 2338 neo

226 2386 303 2431 vero
324 2364 401 2428 huie
423 2365 533 2428 tentae
556 2363 767 2447 multitudini,
793 2367 915 2447 quante
943 2385 1016 2428 mes
1041 2363 1198 2428 memoria
1219 2384 1396 2448 numquam
1490 2397 1491 2442 q

227 2452 296 2518 ullo
323 2452 358 2516 in
386 2451 504 2517 iudioio
531 2451 608 2537 fnit,
638 2451 741 2517 deero.
785 2474 862 2516 narn
890 2451 918 2516 si
945 2472 1005 2536 ego
1028 2451 1063 2515 in
1091 2472 1187 2516 consa
1210 2454 1277 2516 tam
1300 2449 1397 2536 bona,

227 2544 321 2607 tanto
340 2540 445 2606 studio
459 2546 600 2625 senatus,
622 2561 781 2605 consensu
793 2543 862 2605 tam
874 2539 1055 2606 incredibili
1068 2539 1228 2604 bonorum
1242 2539 1397 2622 omnium,
1411 2557 1443 2597 ns
1490 2575 1491 2622 ,

227 2634 295 2696 tem
318 2632 431 2714 pareto
455 2631 561 2696 ordine
583 2629 719 2713 equestri,
754 2630 825 2693 tota
848 2628 983 2713 denique
997 2627 1094 2694 Italia
1115 2627 1155 2692 ad
1169 2648 1298 2692 omnem
1322 2648 1397 2692 eon-
1490 2623 1491 2714 l

175 2851 179 2862 '
229 2858 270 2927 (in
291 2855 348 2912 Pis.
372 2858 415 2924 9.).
437 2859 441 2922 Ι
461 2857 681 2922 desertarentur,
708 2855 787 2910 nieht
841 2853 943 2910 civium
957 2854 1003 2908 vel
1016 2855 1110 2924 potins
1122 2854 1338 2912 domesticorum
1347 2853 1398 2908 ho·

229 2927 358 2983 wertlieh
374 2944 408 2982 su
418 2926 548 2994 nehmen,
561 2926 681 2982 sondern
694 2951 728 2972 =
743 2943 786 2982 or·
841 2924 1009 2997 stiumlals'i
1017 2927 1074 2992 ret,
1088 2925 1177 2982 meint
1186 2927 1240 2982 den
1249 2925 1279 2980 L.
1290 2923 1400 2993 Lamia,
1490 2933 1491 2976 1

1490 2819 1491 2880 l

250 2997 349 3057 anisirt
375 2997 500 3054 wurden.
544 2997 692 3052 Disselben
716 2997 786 3052 Ans-
840 3002 891 3064 293
914 3015 948 3050 nu
965 3001 999 3050 89
1018 3014 1054 3049 m.
1072 2998 1076 3065 Ι
1091 3002 1163 3050 mea
1179 3002 1206 3052 et
1218 2995 1343 3064 periente
1361 3019 1399 3040 =
1490 2983 1491 3072 l

268 3066 635 3128 ”ekebeiWahlumtrieben
660 3067 787 3124 .Planoio
840 3069 919 3122 metu
935 3066 1061 3135 periculi,
1080 3071 1122 3121 53.
1139 3069 1143 3135 Ι
1158 3083 1228 3132 oooe,
1247 3065 1285 3118 im
1301 3062 1400 3120 Circus

231 3139 464 3196 452hseodoee...
474 3085 787 3207 decuriassedlaneium,
840 3137 996 3192 Pleminius
1009 3136 1174 3218 persentieh,
1190 3142 1236 3203 333
1254 3137 1400 3202 sententio,

232 3211 337 3268 eonso'
359 3211 435 3266 sisse.
456 3214 461 3279 Ι
481 3226 545 3264 cose.
568 3207 726 3264 tacentibus
745 3225 786 3264 er·
840 3207 881 3262 im
899 3207 985 3261 Sonat
1002 3207 1127 3262 amthoh.
1144 3209 1148 3275 Ι
1163 3209 1286 3262 normam
1304 3237 1337 3246 -
1351 3209 1401 3261 sed
1490 3255 1491 3268 ,

231 3229 786 3352 gemtnluygors,sp.as‚1a17.1tes
839 3280 896 3359 dom
915 3302 948 3324 ε
971 3277 995 3332 si
1017 3277 1140 3332 nondum
1163 3309 1197 3318 -·
1221 3279 1262 3348 at,
1286 3277 1340 3333 wie
1363 3283 1397 3332 5⁷
1490 3277 1491 3282 ’

227 3353 307 3420 plum
318 3349 438 3406 Castoris
451 3351 502 3408 auf
515 3350 726 3407 derWestseite
737 3351 786 3405 des
840 3366 865 3404 ει
882 3348 1004 3404 nondum
1022 3347 1125 3418 socius,
1148 3351 1179 3404 at
1196 3366 1253 3404 non
1269 3347 1367 3404 hostis.
1392 3347 1396 3418 Ι
1490 3365 1491 3370 “

171 3436 177 3450 ’
231 3421 343 3490 Forum,
357 3421 563 3492 warinjenem
576 3421 653 3489 Jahr,
671 3420 743 3476 nseh
757 3421 786 3476 in
840 3424 1011 3488 captetque
1032 3435 1109 3489 oppr.
1129 3425 1163 3474 62
1187 3436 1330 3490 nunquam
1350 3419 1399 3472 de·
1490 3453 1491 3484 3

232 3493 287 3548 Pis.
297 3499 339 3562 11,
348 3509 398 3548 srx
407 3491 510 3548 eivinm
518 3492 699 3563 perditorum.
711 3491 786 3563 treli—
839 3489 925 3558 nique
940 3489 1062 3546 erittom
1071 3507 1221 3562 oppressus
1231 3492 1344 3546 senatus
1355 3531 1361 3544 .
1372 3533 1379 3544 .
1391 3531 1397 3545 .
1490 3487 1491 3556 l

232 3566 282 3634 qai
290 3581 324 3620 m.
334 3565 446 3632 praeter
455 3563 589 3619 eonsules.
602 3563 787 3635 looaoliqao,
840 3563 900 3616 tam
923 3563 1021 3630 eaptus
1039 3563 1170 3630 equester
1187 3562 1263 3617 ordo.
1299 3561 1398 3630 Pomp.
1490 3577 1491 3612 z

233 3653 309 3762 ltt·
317 3633 790 3776 presterneretur
841 3638 885 3759 s
913 3631 1126 3770 rueras
1153 3641 1239 3756 “tlt
1265 3647 1403 3770 tritt
1490 3651 1491 3654 ’

234 3779 322 3834 hatte.
339 3778 343 3845 Ι
358 3777 453 3836 issue.
469 3778 590 3846 -poll.:
599 3775 704 3832 diesem
714 3775 789 3830 Glie-
842 3775 979 3830 Weohsel.
997 3778 1001 3843 Ι
1016 3775 1063 3828 sed
1073 3815 1079 3828 .
1090 3799 1099 3829 .¹
1108 3777 1249 3828 mevam
1264 3797 1298 3818 ==
1312 3771 1399 3828 nisi..
1490 3759 1491 3782 ¹

236 3850 355 3918 derpear
368 3848 524 3917 entsprioht
537 3847 727 3918 desfolgende
737 3852 789 3901 ter-
842 3846 1002 3912 movissent‚
1020 3863 1055 3900 zu
1072 3843 1206 3900 beriehen
1222 3843 1273 3898 auf
1283 3841 1329 3897 die
1342 3843 1397 3897 Un-

235 3937 343 3976 rore-
358 3917 471 3985 tenebat,
484 3917 515 3973 in
528 3919 663 3974 welohern
677 3919 727 3974 der
740 3919 789 3972 Er·
842 3917 1018 3984 terstdtzusg
1032 3915 1081 3970 des
1091 3913 1203 3968 Clodius
1217 3914 1305 3968 dureh
1315 3912 1402 3968 Ctser

236 3991 296 4062 folg
314 3991 362 4046 des
381 3992 474 4046 ersten
492 3990 699 4060 enthsltenjst.
842 3987 900 4041 und
922 3985 1084 4055 Pompejos3
1107 3985 1210 4041 ebenso
1232 3984 1272 4040 im
1291 3982 1399 4039 (irieeh.
1471 4014 1475 4024 ·

182 4080 217 4129 35
267 4079 322 4134 pro
330 4060 549 4118 bedentetnioht
559 4060 636 4128 ‘s1s3'
647 4061 694 4116 die
703 4059 790 4114 Stelle
843 4051 913 4112 ἀλλὰ
942 4058 1012 4112 statt
1038 4053 1067 4110 εἰ
1087 4051 1124 4126 μή
1148 4055 1229 4111 Hom.
1252 4055 1284 4112 Il.
1308 4060 1339 4122 t,
1365 4061 1399 4109 22

235 4148 291 4187 von
308 4133 434 4188 uuhrern
452 4133 551 4188 hatten
563 4130 716 4186 Verrtther
733 4129 791 4185 ein·
845 4123 913 4183 oses
933 4122 986 4196 γὰρ
1005 4119 1073 4182 odos
1088 4145 1138 4182 κεν
1153 4121 1240 4190 αὐτὸς
1251 4121 1398 4196 ὑπέκφυγε

236 4219 410 4272 genommen.
431 4205 435 4270 Ι
457 4220 489 4258 oc
518 4202 578 4273 ‘ja’.
599 4203 604 4270 1
624 4207 674 4256 out
699 4203 792 4271 potios
845 4199 918 4269 κῆρα
958 4196 1107 4269 μέλαιναν,
1149 4192 1210 4252 oin'
1245 4191 1400 4266 Ἥφαιστος

236 4291 281 4343 op.
305 4274 401 4339 bosa's,
422 4279 456 4328 19
475 4290 530 4342 qno
550 4273 640 4328 civem
656 4273 792 4342 importu-
847 4269 937 4338 ἔρυτο.
976 4269 1026 4325 Od.
1047 4275 1094 4338 13,
1113 4275 1156 4324 32.

236 4362 304 4402 num
333 4345 383 4398 aut
407 4361 463 4412 quo
485 4343 579 4414 potius
600 4343 711 4398 hostem
732 4345 792 4398 tam
880 4358 929 4396 ooo
945 4357 1016 4406 vero,
1035 4346 1087 4394 125
1100 4358 1137 4395 m.
1154 4343 1158 4408 Ι
1174 4339 1270 4396 ordine
1287 4339 1401 4408 aqmstri
1419 4341 1454 4390 36
1490 4367 1491 4394 l

237 4415 404 4472 sceleratum
417 4422 558 4470 reserves?
573 4421 606 4472 39
620 4413 792 4485 perditorum
844 4412 917 4468 fehlt
938 4412 968 4468 in
991 4413 1046 4468 den
1062 4412 1136 4480 Hsr.,
1159 4427 1218 4464 war
1235 4409 1304 4464 aber
1323 4408 1401 4464 nieht
1490 4455 1491 4480 ,
