3026 4876
202 264 245 330 52
555 296 557 302 ·
597 263 634 320 Μ.
653 261 777 318 TULLII
796 260 987 318 CICERONIS

201 427 329 492 ablatus
357 425 559 509 primumque
586 423 765 508 resipisset,
797 444 865 488 non
893 445 926 488 se
954 424 1066 488 referri
1097 423 1215 490 iussit?
1242 423 1300 488 ubi
1328 429 1384 489 est

148 537 182 588 81
202 514 344 580 crimen?
377 513 453 598 quid
486 510 742 597 reprehenditis?
770 511 822 576 hic
856 533 989 596 quaero,
1021 511 1157 598 iudices,
1184 512 1212 577 si
1241 511 1296 576 illu
1326 511 1382 576 die

202 625 283 689 gens
310 603 374 668 ista
400 599 516 668 clodia
545 601 630 686 quod
662 600 768 666 facere
795 600 898 666 voluit
925 600 1094 678 effecisset,
1125 599 1153 664 si
1179 599 1215 664 P.
1242 598 1383 684 SestiuS,

202 693 258 777 qui
284 713 344 776 pro
373 691 479 758 occiso
510 689 640 754 relictus
669 691 732 773 est,
758 688 883 754 occisus
912 691 1011 773 esset,
1037 689 1190 754 fuistisne
1216 689 1258 752 ad
1285 709 1383 754 arma

202 780 301 845 ituri?
337 779 486 846 fuistisne
517 800 575 843 vos
608 775 650 842 ad
681 777 823 861 patrium
854 777 946 843 ilium
978 776 1122 842 animum
1154 777 1411 863 maiorumque⁵
1490 837 1491 866 ,

203 870 356 934 virtutem
378 867 569 934 excitaturi?
592 865 742 932 fuistisne
757 865 930 950 aliquando
943 886 1012 930 rem
1034 865 1199 950 publicem
1213 887 1233 930 a
1245 864 1381 932 frmesto

202 958 328 1023 latrone
355 954 546 1041 repetituri?
579 975 623 1018 en
650 954 749 1020 etiam
776 957 847 1020 tum
882 954 1102 1040 quiesceretis,
1135 954 1381 1037 cunctaremini,

201 1045 368 1128 timeretis,
383 1067 455 1111 cum
469 1065 537 1108 rem
551 1042 714 1127 publicem
729 1042 1049 1109 afeoinorosissimis
1065 1042 1188 1108 sicariis
1204 1046 1237 1108 et
1246 1065 1266 1106 a
1275 1043 1380 1108 servis

202 1155 272 1199 esse
287 1155 475 1218 oppressam
489 1135 585 1216 etque
597 1132 819 1198 conculcatam
833 1130 1008 1196 videretis?
1024 1131 1114 1196 cuius
1128 1131 1230 1216 igitur
1238 1134 1380 1195 mortem

201 1221 448 1304 ulcisceremini,
476 1221 505 1285 si
532 1220 662 1306 quidem
688 1220 782 1286 liberi
810 1240 880 1286 esse
913 1221 946 1284 et
972 1220 1091 1284 habere
1118 1241 1186 1284 rem
1213 1219 1380 1302 publicam
1399 1236 1427 1275 1⁰

204 1310 407 1396 cogitaretis,
434 1310 473 1374 de
502 1309 570 1374 eius
598 1308 717 1374 virtute
740 1309 805 1374 vivi
833 1308 910 1392 quid
937 1330 995 1373 vos
1018 1307 1122 1392 loqui,
1149 1307 1226 1393 quid
1249 1308 1381 1392 sentire,

150 1399 281 1483 sequid
305 1399 462 1484 cogime,
489 1396 566 1482 quid
587 1391 734 1462 'iudicare
762 1398 912 1480 oporteat
934 1396 1148 1461 dubitandum
1169 1395 1313 1480 putatis?
1343 1401 1381 1462 at

202 1509 279 1552 vero
293 1488 356 1570 ipsi
369 1487 418 1551 illi
427 1485 614 1569 parricidae,
627 1506 764 1569 quorum
778 1485 953 1551 effrenatus
967 1485 1059 1550 furor
1073 1484 1172 1549 alitur
1184 1485 1380 1568 impunitate

203 1575 367 1658 diuturna,
395 1574 475 1640 adeo
503 1573 569 1638 vim
596 1573 750 1641 facinoris
778 1573 829 1640 sui
851 1573 1117 1658 perhorruerant,
1145 1576 1195 1655 ut,
1223 1573 1252 1638 si
1278 1574 1379 1658 paulo

202 1663 333 1748 longior
347 1663 457 1747 opinio
476 1663 590 1727 mortis
605 1659 701 1727 Sestii
719 1662 844 1747 fuisset,
862 1660 1043 1728 Gracchum
1056 1663 1148 1726 illum
1163 1684 1257 1726 suum
1270 1665 1379 1727 trans·
1397 1677 1425 1716 1⁵

201 1751 327 1816 ferendi
362 1752 398 1816 iu
436 1773 497 1816 nos
539 1751 681 1816 criminis
717 1774 815 1818 causa
851 1750 995 1818 occidere
1032 1751 1216 1835 cogitarint
1275 1751 1381 1817 sensit

203 1841 377 1906 rusticulus
400 1861 467 1906 non
480 1840 628 1906 incautus
653 1876 694 1888 —
717 1840 922 1926 nequeenim
943 1839 1092 1906 homines
1115 1861 1256 1925 nequem
1269 1844 1379 1906 tacere

202 1932 378 2012 potuerunt
391 1965 436 1975 —
450 1950 544 1994 sunm
560 1929 753 2012 sanguinem
767 1928 878 2016 quaeri
892 1929 933 1993 ad
946 1928 1210 2014 restinguendam
1223 1928 1379 1994 invidiam

202 2017 358 2082 facinoris
390 2015 551 2082 Clodiani:
588 2017 777 2084 mulioniam
808 2018 981 2101 paenulam
1015 2016 1170 2101 adripuit,
1208 2039 1282 2081 cum
1313 2039 1379 2102 qua
1490 2029 1491 2046 ³

202 2105 343 2190 primuni
356 2103 495 2170 Romam
513 2106 554 2170 ad
569 2105 701 2170 comitia
713 2108 859 2189 venerat3
883 2105 1040 2171 messoria
1058 2127 1093 2170 se
1107 2105 1203 2170 corbe
1221 2105 1378 2171 contexit:
1397 2120 1426 2158 ²⁰

203 2215 277 2259 cum
300 2197 492 2279 quaererent
514 2194 572 2260 alii
589 2192 789 2277 Numerium,
812 2195 867 2260 alii
882 2193 1076 2278 Quinotium,
1100 2193 1223 2280 gemini
1235 2193 1378 2260 nominis

203 2303 310 2347 errore
326 2286 472 2348 servatus
487 2287 544 2348 est
572 2286 670 2367 atque
684 2283 746 2349 hoc
764 2282 853 2348 scitis
868 2305 989 2366 omnes,
1002 2305 1104 2368 usque
1118 2283 1198 2348 adeo
1211 2281 1379 2348 hominem

202 2371 238 2434 in
260 2371 403 2453 periculo
426 2371 542 2453 fuisse,
572 2370 679 2454 quoad
702 2371 818 2438 scitum
842 2374 893 2437 est
916 2370 1055 2437 Sestium
1079 2371 1201 2436 vivere:
1229 2370 1314 2456 quod
1342 2373 1378 2436 ni

203 2462 289 2524 esset
315 2459 512 2542 patefactum
539 2460 636 2542 paulo
664 2459 758 2524 eitius
788 2481 885 2545 quem
913 2461 1044 2542 vellem,
1076 2483 1144 2527 non
1170 2461 1218 2525 illi
1248 2458 1378 2544 quidem

202 2630 476 2701 templnmCestoris.
492 2633 762 2702 lprimampac,‘nnd
852 2635 945 2701 effren.
968 2635 1063 2701 furor,
1086 2633 1140 2689 Cat
1158 2634 1179 2702 l,
1200 2641 1222 2688 1.
1243 2633 1379 2689 effrenate
1402 2639 1439 2689 82

202 2702 293 2758 eben'
312 2708 316 2770 Ι
336 2704 386 2758 abi
403 2709 441 2758 est
466 2702 587 2758 crimea?
611 2703 648 2773 (d.
667 2704 694 2758 h.
714 2704 764 2759 der
817 2704 964 2772 audacia-l
981 2704 1149 2771 Gracchum,
1168 2709 1211 2760 ⁷2.
1227 2705 1231 2774 Ι
1248 2704 1377 2769 transfer.

202 2773 335 2829 Vorwuri
350 2774 473 2830 ueniunt
490 2773 520 2829 in
538 2774 639 2830 nichts.
659 2774 715 2845 vgl.
735 2793 762 2844 p.
816 2776 849 2830 in
876 2792 926 2831 nos
950 2777 1040 2842 mim„
1070 2779 1148 2832 sonet
1172 2775 1245 2832 auch
1273 2774 1380 2830 crimen

202 2846 302 2914 41,13)
317 2844 490 2914 parrae?
514 2845 763 2915 proFont.1qnid
817 2847 956 2915 derivare3
978 2863 1030 2917 pro
1048 2847 1108 2901 Mil.
1132 2852 1166 2902 29
1191 2846 1284 2902 dicam
1302 2845 1379 2900 enim

203 2922 335 2970 mensas?
354 2915 422 2984 quid
440 2916 659 2986 reprehendier!
817 2920 927 2987 aperte,
968 2934 1025 2973 non
1067 2917 1212 2973 derivandi
1254 2915 1380 2971 criminis

150 2985 183 3034 81
238 2986 499 3056 permutacione,
517 2986 558 3041 im
576 2987 764 3056 eigentlichen
818 2988 964 3044 ceusased
977 2987 1129 3043 attactum
1142 2988 1193 3041 ert.
1208 2987 1214 3053 Ι
1229 2988 1381 3054 copitaraot

47 3068 50 3076 ’
203 3055 285 3127 Sinn,
312 3056 365 3112 wie
397 3056 442 3112 die
471 3057 592 3128 Endung
621 3058 671 3113 des
698 3058 762 3128 Adj.
817 3060 936 3115 occidere
953 3059 998 3113 fur
1020 3057 1070 3112 dus
1089 3055 1286 3136 regelmttssige
1305 3058 1381 3111 occi·
1487 3091 1488 3134 ,

202 3127 291 3199 zeigt3
304 3128 404 3184 anderu
416 3146 516 3184 manus
527 3127 671 3196 Clodiana,
686 3146 762 3184 exer·
816 3130 874 3185 suri
883 3129 998 3198 fuerint3
1008 3125 1202 3195 unsbhnngig:
1217 3127 1366 3195 cogitarim

202 3199 275 3254 citus
293 3198 450 3255 Clodianus.
474 3203 478 3267 1
499 3217 533 3254 ae
555 3201 645 3255 meint
662 3215 763 3268 nonne,
816 3199 868 3268 (uie
890 3199 985 3255 haben
1006 3195 1135 3251 wirklich
1156 3195 1260 3252 bereits
1279 3195 1384 3252 dmanf

202 3269 470 3338 s.Z.9.10.tfuistie
483 3270 562 3334 iatri,
576 3269 764 3351 Eli-Seyffert
816 3269 948 3339 gedacht)
976 3267 1115 3335 occidere,
1143 3266 1166 3320 si
1191 3307 1218 3322 ..
1241 3265 1375 3333 inhiet!

202 3343 288 3402 §272
307 3338 340 3391 A.
363 3346 386 3392 1.
407 3343 412 3406 Ι
432 3341 470 3394 ud
492 3341 634 3395 armoire
652 3355 705 3394 wre
727 3340 763 3394 ad
816 3356 878 3394 euro
906 3356 964 3408 pua
989 3363 1023 3384 =
1051 3353 1108 3406 que.
1138 3336 1267 3403 indutns3
1300 3337 1377 3394 dieue

202 3423 282 3462 arma
299 3424 406 3464 vocare.
423 3411 428 3477 Ι
444 3411 481 3464 ad
500 3439 533 3448 -
552 3410 708 3474 ercitum
729 3415 761 3464 11
817 3409 946 3480 Stelluug
964 3409 1015 3463 hut
1033 3406 1089 3464 Cic.
1104 3407 1180 3464 heim
1193 3408 1284 3464 Belut.
1299 3409 1378 3465 nicht

201 3481 325 3534 vestram
337 3479 502 3534 memorium
516 3479 669 3535 adtimoris
681 3495 763 3550 prae-
817 3480 915 3536 seiten.
931 3484 936 3549 Ι
952 3480 989 3535 ud
1007 3479 1131 3546 comitia,
1155 3479 1192 3534 ed
1214 3478 1378 3604 suffragium

201 3549 280 3605 teriti
306 3549 510 3634 cogitationem,
532 3551 660 3633 ercitcte.
682 3551 687 3621 Ι
707 3568 762 3606 rem
814 3550 975 3634 ineundum.
991 3552 996 3619 1
1012 3550 1164 3606 Numerius
1177 3566 1298 3632 unaue
1332 3549 1378 3605 ein

200 3621 688 3774 restitueretur
705 3622 765 3746 rr
814 3621 1023 3762 iterent!
1038 3621 1377 3761 ,Mna
1485 3713 1486 3720 ψ

202 3762 305 3831 spruch
327 3761 391 3831 hut,
415 3766 470 3819 nut
486 3763 621 3818 Hinbhck
643 3762 694 3818 auf
714 3765 761 3818 die
815 3764 885 3830 calo,
899 3763 1000 3820 wicus
1015 3764 1167 3828 intimors,
1181 3763 1358 3818 semiusta.

106 3849 110 3860 ·
201 3832 355 3889 Redeusart
376 3851 420 3889 res
443 3836 584 3904 repetere,
609 3834 662 3890 wie
690 3834 763 3890 nster
814 3837 912 3900 uiuere,
926 3835 1050 3890 seinoch
1064 3834 1224 3900 amheben,
1237 3851 1265 3902 p.
1275 3839 1319 3900 39,
1333 3839 1357 3887 9.

201 3921 364 3973 recuperare
374 3905 439 3973 (⁷1).
456 3908 460 3972 Ι
476 3907 658 3974 permanetis,
668 3906 761 3961 huttet
814 3907 847 3959 πί
865 3905 952 3960 findet
965 3905 1025 3960 sich
1039 3903 1085 3959 bei
1099 3904 1196 3960 Cicero
1210 3904 1274 3960 sehr
1288 3904 1377 3959 seiten

202 3975 361 4042 ..nollem
379 3976 438 4045 vgl.
456 3981 542 4044 pto,
558 3982 599 4031 17,
617 3978 760 4040 {caius—
815 3975 915 4030 ondens
937 3976 980 4031 als
1007 3974 1036 4029 in
1065 3973 1265 4030 formelhetten
1292 3975 1375 4030 alter·

201 4047 269 4112 eins,
283 4047 450 4118 umgekehrt
468 4046 498 4100 in
520 4062 592 4116 ganz
614 4047 760 4102 thulicher
813 4043 1311 4115 thiiml.husdrflcken,8ponsionen,
1324 4044 1375 4100 Be-

203 4115 378 4189 Sntafitgnng
391 4123 435 4172 83.
466 4117 519 4172 Die
533 4123 550 4172 4
566 4117 659 4174 Verba
673 4117 703 4173 Z.
719 4124 760 4173 11.
814 4118 1021 4186 thenerungen,
1045 4117 1234 4186 Wendungsn
1256 4116 1305 4171 des
1328 4131 1375 4184 ge·

204 4192 236 4240 ln
256 4189 441 4257 eutsprechen
455 4187 515 4244 sich
534 4187 688 4258 paerweise
703 4188 760 4244 chi·
814 4187 992 4244 wohnlichen
1024 4186 1146 4253 Lehsns3
1183 4205 1217 4241 zu
1249 4186 1327 4240 Verr.
1359 4193 1376 4240 4

202 4256 343 4328 achach!
372 4259 469 4314 tabere
500 4276 556 4314 rem
583 4277 628 4328 p,
661 4265 696 4314 44
728 4260 762 4314 ut
815 4264 838 4324 9.
859 4264 901 4314 55.
922 4259 1051 4327 lucidam
1068 4259 1171 4328 gehort
1188 4275 1251 4311 zum
1269 4273 1376 4326 genuen

202 4344 293 4396 neque
326 4329 395 4385 victi
426 4345 517 4399 neque
549 4330 668 4386 victores
701 4347 761 4385 rem
816 4330 882 4385 Sata
913 4347 940 4383 u.
973 4329 1066 4384 erhilt
1093 4345 1130 4384 au
1161 4329 1208 4384 ille
1235 4345 1287 4382 nur
1315 4326 1375 4384 eine

201 4397 344 4469 publicam
361 4401 455 4456 tenere
473 4404 645 4473 possemus!
816 4399 919 4456 etune.
961 4399 1162 4469 Eli-Seyffert
1180 4403 1195 4465 4
1214 4403 1280 4466 345,
1299 4404 1323 4454 2.
1342 4400 1375 4456 A.
