3026 4876
197 277 217 343 8
589 279 628 334 Μ.
647 279 770 334 TULLII
790 277 982 334 CICERONIS
1079 355 1083 364 ὁ

201 447 291 507 satur
327 443 374 508 rei
406 441 554 527 publicae
587 441 743 526 dignitas,
781 463 864 525 quae
895 463 947 506 me
985 441 1025 504 ad
1058 461 1128 506 sese
1164 441 1264 525 rapit,
1294 441 1379 506 hacc

164 531 326 596 eminere
347 530 529 616 relinquere
546 529 705 620 hortatur.
751 532 904 614 quaestor
926 528 980 593 hic
999 527 1033 595 C.
1051 528 1198 613 Antonii,
1221 528 1379 615 conlegae

199 620 272 704 mei,
294 619 423 700 iudices,
446 618 511 684 fuil
532 622 629 703 sorte,
652 617 708 683 sed
727 618 882 683 societate
901 617 1111 702 consiliorum
1129 639 1230 683 meus.
1275 618 1376 700 impe-

151 753 156 758 -
199 707 272 773 dior
289 707 476 774 nonnullius
501 707 614 787 officii,
637 710 674 770 ui
692 727 753 790 ego
775 707 986 789 interpretor,
1008 703 1180 790 religione,
1203 706 1376 790 quominus

198 817 359 880 exponam
372 817 469 882 quam
482 796 587 860 mulla
599 793 634 858 P.
645 793 780 878 Sestius,
794 816 868 860 cum
882 797 1049 860 esselcum
1063 795 1200 878 conlega
1207 815 1290 877 meo,
1304 815 1375 857 sen·
1391 812 1408 852 s

199 886 286 969 serii,
306 885 346 950 ad
364 907 415 949 me
429 883 589 966 detulerit,
608 886 730 966 quanio
749 887 824 947 ante
837 881 1026 966 providerit.
1063 885 1159 967 alque
1173 903 1234 967 ego
1255 881 1294 946 de
1310 883 1376 946 An-
1502 887 1504 894 '

197 974 290 1040 conio
313 973 396 1038 nihil
419 973 492 1037 dico
514 973 644 1055 praeter
665 993 778 1036 unum:
800 992 977 1054 numquam
999 970 1093 1036 illum
1115 971 1151 1034 in
1172 971 1377 1037 illosnmmo

198 1062 315 1128 timore
340 1083 377 1126 ac
399 1060 542 1145 periculo
566 1059 708 1124 sumtis
730 1081 835 1144 neque
858 1080 1062 1124 communem
1084 1063 1208 1124 metum
1230 1058 1376 1123 omnium

198 1172 260 1216 nec
282 1149 448 1233 propriam
475 1148 708 1213 nonnullorum
731 1147 771 1212 de
793 1148 865 1231 ipso
889 1147 1106 1234 suspicionem
1129 1150 1186 1212 aul
1207 1145 1376 1212 infitiando

199 1239 314 1302 tollere
337 1240 394 1301 aul
412 1236 643 1302 dissimulando
668 1235 779 1300 sedare
802 1236 957 1302 voluisse:
980 1235 1016 1299 in
1034 1257 1097 1321 quo
1122 1235 1285 1320 [conlega]
1306 1257 1375 1300 sus·
1393 1255 1425 1296 ro

125 1392 129 1397 ,
199 1325 332 1390 sinendo
357 1327 454 1409 atque
472 1323 679 1408 moderando,
702 1325 731 1388 si
748 1346 854 1389 meam
876 1324 1024 1389 inillam
1047 1324 1283 1409 indulgentiam
1302 1345 1376 1388 con·

200 1414 344 1478 iunctam
359 1435 433 1478 cum
446 1434 574 1478 summa
587 1411 735 1478 custodia
747 1412 795 1477 rei
808 1412 955 1496 publicae
969 1412 1101 1477 laudare
1114 1435 1189 1477 vere
1212 1412 1377 1495 solebaiis,

196 1524 257 1586 par
282 1523 383 1586 prope
411 1502 483 1566 laus
511 1499 547 1565 P.
570 1499 669 1565 Seslii
694 1522 766 1566 esse
794 1500 904 1585 debet,
931 1501 987 1586 qui
1013 1501 1061 1565 ila
1089 1523 1182 1566 suum
1211 1501 1376 1566 conculem

38 1611 42 1618 ·
161 1591 392 1674 achaemenii,
413 1594 451 1654 nt
473 1593 506 1654 el
527 1589 576 1654 illi
599 1592 751 1674 quaeslor
773 1589 878 1654 bonus
902 1593 935 1654 el
957 1588 1108 1655 omnibns
1131 1589 1274 1674 optimus
1298 1588 1376 1652 civis

162 1678 367 1744 sviderelur.
422 1678 522 1761 idem,
559 1699 632 1742 cum
668 1677 726 1742 illa
757 1679 938 1743 coniuratio
969 1699 1010 1742 ex
1039 1677 1174 1742 latebris
1208 1680 1304 1762 atque
1336 1698 1377 1740 ex
1391 1697 1423 1736 ιι

197 1767 341 1832 tenebris
360 1767 521 1852 erupisset
534 1767 706 1851 palamque
721 1769 847 1831 armata
864 1767 1025 1848 volitaret,
1043 1765 1133 1831 venii
1146 1787 1220 1830 cnm
1234 1764 1377 1830 exercitu

197 1853 366 1939 Capuam,-
387 1877 486 1940 quam
513 1854 627 1919 urbem
659 1858 793 1939 propter
824 1855 981 1938 plurimas
1008 1855 1086 1920 belli
1114 1853 1376 1938 opporluniiaies
1407 1913 1412 1922 .

196 1943 238 2008 ab
251 1944 310 2008 illa
323 1943 424 2026 impia
438 1946 471 2006 el
485 1942 642 2008 scelerata
655 1964 753 2006 manu
767 1944 920 2024 lemplari
940 1942 1198 2034 suspicabamur:
1217 1940 1252 2006 C.
1265 1941 1376 2004 Mevu-

195 2031 320 2115 lanum,
352 2031 518 2095 tribunum
545 2030 685 2093 militum
711 2029 863 2111 Antonii,
896 2028 1008 2113 Capua
1035 2030 1245 2112 praecipitem
1273 2029 1376 2111 eiecit,

195 2119 363 2183 hominem
394 2118 556 2202 perditum
588 2120 622 2182 ei
651 2138 719 2181 non
748 2116 882 2181 obscure
911 2117 1040 2182 Pisauri
1066 2120 1100 2181 el
1130 2117 1164 2180 in
1199 2117 1271 2181 aliis
1305 2117 1423 2201 agrian

197 2205 313 2272 Gallici
330 2204 479 2290 partibus
502 2207 537 2271 in
555 2205 612 2270 illa
630 2205 852 2270 coniuratione
870 2211 1047 2290 versatum3
1070 2205 1218 2290 idemque
1237 2203 1272 2271 Ο.
1290 2204 1376 2269 Mar·
1503 2205 1504 2264 l

197 2296 325 2379 cellum,
354 2317 427 2360 oum
455 2296 483 2359 is
510 2315 579 2358 non
602 2291 747 2377 Capuam
775 2295 881 2359 solum
903 2295 1057 2380 venissel,
1084 2293 1317 2358 verumetiam
1341 2315 1376 2357 se

198 2384 293 2467 quasi
316 2404 480 2448 armorum
499 2382 606 2447 studio
624 2381 660 2445 in
678 2383 853 2447 maximam
871 2361 1031 2448 familiam
1050 2383 1249 2466 coniecisset,
1273 2385 1375 2446 exier-

195 2573 339 2628 anleoder
352 2572 636 2628 oboculosversalur.
654 2573 759 2642 lrapa't,
812 2574 949 2640 (senserit,
972 2575 1010 2628 ad
1031 2590 1072 2627 me
1090 2574 1228 2642 Manat)
1250 2573 1376 2628 dadurch
1397 2635 1400 2646 Ι

197 2650 229 2698 13
249 2644 286 2698 ad
302 2643 477 2699 tribunatum
496 2643 546 2712 qui
563 2643 624 2713 ipse
643 2642 679 2697 ad
698 2660 758 2698 sese
812 2645 930 2699 cerethi
942 2643 1021 2697 wind.
1042 2643 1080 2699 Es
1089 2643 1128 2698 isi
1136 2644 1223 2699 daher
1231 2643 1376 2698 vielleicht

194 2715 377 2770 iamdudum
394 2716 479 2770 vocal
497 2756 504 2770 .
524 2757 530 2770 .
550 2757 558 2770 .
577 2713 755 2786 veniamus!
812 2732 846 2767 an
875 2713 1020 2770 schreibcn
1047 2713 1192 2783 aliquanto
1224 2717 1302 2780 antc;
1340 2714 1375 2769 de

195 2787 347 2856 relinquere
364 2787 504 2852 hortatur,
522 2785 549 2838 Z.
569 2790 591 2851 ᾗ.
612 2783 698 2856 616.Ι
812 2783 858 2838 off.
887 2790 917 2853 1,
949 2790 982 2839 81
1010 2785 1173 2855 praecipere
1202 2784 1375 2854 cogilaliono

160 2867 176 2916 8
230 2858 357 2911 coactata
374 2857 481 2921 amuel,
507 2862 549 2911 63.
566 2857 571 2924 Ι
586 2856 758 2926 massilias,
811 2854 907 2910 futura
921 2857 950 2910 ai
959 2856 1107 2926 aliquanto
1121 2859 1187 2911 ante
1197 2855 1375 2912 constituere.

196 2925 246 2980 der
270 2925 346 2996 Sing.
370 2925 409 2980 isi
430 2925 605 2995 keineswegs
628 2927 725 2981 selten.
751 2926 755 2998 Ι
814 2926 817 2997 Ι
838 2927 999 2997 infitiando,
1019 2927 1120 2983 ebenso
1138 2945 1162 2983 e.
1182 2943 1239 2982 sen.
1255 2945 1297 2997 gr.
1316 2925 1380 2995 egil

195 2997 372 3066 interpretor,
405 2995 560 3050 ‘suffasse'.
609 2996 757 3065 Antonine,
811 3003 855 3054 33.
875 2997 880 3068 Ι
900 2998 1043 3052 tollere-
1061 2999 1169 3063 sedare,
1194 2997 1267 3051 Phil.
1286 3002 1316 3063 2,
1339 3001 1374 3050 46

194 3067 250 3122 den
277 3066 388 3136 Cicero,
418 3066 455 3121 da
482 3084 513 3122 er
539 3083 638 3136 wegen
664 3066 758 3121 Theil-
812 3069 919 3136 qnanta
935 3068 1012 3122 mela
1031 3109 1037 3122 .
1053 3109 1059 3121 .
1076 3109 1082 3121 .
1101 3065 1199 3122 sedavi
1216 3067 1263 3120 vel
1280 3065 1376 3136 potins

194 3137 297 3198 nahme
315 3139 420 3193 ander
439 3136 671 3192 Catilinarischen
689 3137 758 3192 Ver·
812 3137 918 3192 sustuli.
939 3141 944 3204 Ι
964 3138 1039 3192 cocle
1057 3155 1076 3191 a
1092 3140 1171 3206 passi
1189 3136 1269 3191 nicht
1290 3154 1324 3190 au
1345 3153 1375 3206 p.

195 3209 362 3277 achworung
386 3208 444 3262 nnd
471 3207 681 3278 Erpressnngen
710 3224 758 3262 an·
807 3223 896 3277 prope
905 3208 967 3262 laus
977 3208 1012 3263 P.
1043 3208 1375 3276 atiimeebeawegen

195 3279 314 3348 geklagl
335 3279 445 3346 wurde,
472 3277 647 3348 verlheidigt
669 3278 758 3346 hatte,
811 3280 844 3333 in
852 3277 1000 3347 ellam(das
1008 3279 1085 3347 reip.
1096 3277 1375 3347 anteprichi)konnte

195 3365 254 3403 war
276 3347 443 3417 verurtheilt
461 3348 519 3403 und
541 3351 646 3403 museto
664 3347 694 3402 in
713 3347 758 3404 die
813 3349 881 3404 aber
893 3349 926 3403 in
938 3365 991 3418 qao
1003 3379 1037 3389 -
1048 3349 1215 3405 mederum
1227 3347 1308 3404 nichl
1321 3365 1379 3418 eng

195 3419 385 3489 Verbannung
421 3418 520 3490 gehen.
578 3418 674 3474 Cicero
710 3419 758 3474 be·
784 3481 788 3490 ¹
811 3419 865 3474 mit
887 3419 951 3474 dem
980 3421 1072 3480 amiso
1096 3419 1256 3489 Saiagliedo
1278 3421 1316 3486 (si
1340 3450 1373 3459 -

196 3490 319 3558 sireitel,
352 3490 418 3544 dass
447 3489 609 3557 hierdurch‚
642 3489 696 3544 wie
728 3506 758 3544 cs
811 3491 903 3560 solcb.)
930 3490 1017 3546 allein
1041 3491 1204 3546 verbunden
1226 3489 1374 3560 werdenl

196 3560 329 3616 seheinen
359 3560 478 3628 konnte,
506 3560 573 3630 jede
602 3559 759 3615 Rucksicht
811 3562 969 3616 obcecavit.
1006 3561 1069 3616 Wir
1088 3561 1201 3617 konnen
1225 3560 1270 3615 dic
1288 3557 1377 3615 Zwei-

195 3632 247 3684 anf
269 3631 320 3686 ihn
343 3631 483 3701 unnolhig
504 3630 663 3701 geworden.
704 3630 766 3686 Die'
811 3630 970 3703 deuligkeii
985 3632 1075 3688 dieses
1088 3632 1202 3688 Wories
1220 3631 1373 3686 karman-

195 3701 359 3756 Auedrficko
376 3701 415 3755 im
434 3701 486 3757 Fol
507 3701 598 3756 enden
615 3701 678 3756 sind
695 3717 757 3756 vor·
811 3703 874 3758 ders
898 3703 940 3758 als
963 3703 1052 3759 durch
1079 3703 1160 3758 einen
1187 3701 1374 3770 allgcmeinen

195 3772 299 3842 sichtig
325 3772 385 3826 nnd
412 3777 496 3828 auru'rc
517 3772 640 3828 holtem
667 3774 671 3840 Ι
695 3787 758 3838 esse,
810 3774 959 3829 Ansdruck
983 3773 1191 3843 wiedergaben,
1219 3774 1293 3826 etwa
1312 3771 1377 3826 ‘der

194 3843 289 3899 vivere
307 3859 369 3897 ceco
390 3843 498 3912 aliquo,
521 3843 576 3898 mii
591 3843 758 3898 Jemandem
811 3843 871 3899 sich
879 3861 910 3900 so
919 3861 1011 3915 gagen
1020 3841 1228 3900 seinenConsul
1239 3842 1372 3914 siellte'.l

194 3914 351 3969 verkehren
377 3913 445 3969 oder
469 3932 505 3968 au
530 3915 602 3968 thun
624 3914 725 3970 haben.
751 3914 755 3985 Ι
846 3931 903 3970 non
920 3917 1044 3981 obscure,
1065 3913 1096 3968 in
1114 3913 1204 3968 Piso
1227 3913 1410 3968 interituris

194 3990 298 4054 quanto
316 3989 380 4040 octe
392 4001 440 4053 pr.
457 3983 497 4039 isi
514 3985 588 4039 noch
604 3983 659 4038 mil
675 4002 758 4054 qaam
811 3985 960 4041 urbisnon
974 3984 1176 4040 obscuresed
1191 3984 1306 4054 palem
1315 4001 1374 4040 mo-

194 4057 282 4110 mclto
299 4074 334 4109 an
355 4054 521 4124 verbinden,
544 4054 655 4109 freilich
678 4055 759 4111 nicht
810 4055 934 4111 lienlcm.
955 4058 960 4125 Ι
979 4057 1012 4110 io
1028 4056 1081 4110 ello
1098 4085 1133 4096 -
1150 4060 1300 4121 vomica,
1325 4055 1376 4108 der

195 4125 268 4180 ohne
291 4125 392 4195 Harae,
414 4125 463 4195 da,
489 4141 571 4180 wenn
613 4125 688 4180 leich
710 4125 757 4182 die
811 4126 857 4181 ffir
875 4126 942 4196 J'ene
962 4126 1187 4210 Verschwornnq
1208 4125 1304 4194 thalig
1325 4141 1373 4207 qe·

195 4196 308 4251 Vercini
349 4215 387 4267 ng
418 4197 560 4251 mehrerer
585 4143 695 4266 ἧφι
727 4197 768 4251 in.
812 4213 914 4265 wesen,
933 4196 987 4252 uria
1004 4197 1035 4264 in
1052 4213 1083 4252 re
1100 4198 1215 4268 publiea
1232 4195 1373 4266 versam}

195 4267 276 4321 einen
323 4269 368 4321 ata
395 4268 467 4322 anch
495 4266 536 4322 im
561 4266 758 4322 Laiaioisclren
811 4266 1375 4338 imoqcevermnthatllalmlfamiliam,

194 4337 369 4406 rothomum,
391 4337 453 4392 hier
475 4337 521 4393 die
542 4333 758 4410 gleichmassigc
812 4339 962 4394 Marcellus
976 4339 1071 4396 wolltc
1085 4339 1131 4394 die
1144 4354 1210 4393 vom
1222 4338 1309 4392 Sonat
1322 4353 1374 4392 aus

195 4407 318 4478 Bildung
341 4407 391 4462 der
415 4408 560 4465 einzelnen
584 4408 759 4481 Sataglieder
812 4409 884 4466 Rom
897 4411 1056 4467 enlfernten
1069 4409 1126 4465 und
1140 4407 1277 4477 inCapna
1289 4407 1374 4463 inter-
