<?xml version="1.0" encoding="UTF-8"?>
<!DOCTYPE html PUBLIC "-//W3C//DTD XHTML 1.0 Transitional//EN"
    "http://www.w3.org/TR/xhtml1/DTD/xhtml1-transitional.dtd">
<html xmlns="http://www.w3.org/1999/xhtml" xml:lang="en" lang="en">
 <head>
  <title>
</title>
<meta http-equiv="Content-Type" content="text/html;charset=utf-8" />
  <meta name='ocr-system' content='tesseract 3.04.00' />
  <meta name='ocr-capabilities' content='ocr_page ocr_carea ocr_par ocr_line ocrx_word'/>
</head>
<body>
  <div class='ocr_page' id='page_1' title='image "./cicerosredefrps00ebergoog_0047.png"; bbox 0 0 3026 4876; ppageno 0'>
   <div class='ocr_carea' id='block_1_1' title="bbox 215 283 1004 354">
    <p class='ocr_par' dir='ltr' id='par_1_1' title="bbox 215 283 1004 354">
     <span class='ocr_line' id='line_1_1' title="bbox 215 283 1004 354; baseline 0.003 -16"><span class='ocrx_word' id='word_1_1' title='bbox 215 287 257 354; x_wconf 86' lang='lat'><strong>38</strong></span> <span class='ocrx_word' id='word_1_2' title='bbox 614 286 651 342; x_wconf 81' lang='lat' dir='ltr'><strong>M.</strong></span> <span class='ocrx_word' id='word_1_3' title='bbox 670 285 794 340; x_wconf 83' lang='lat' dir='ltr'>TULLII</span> <span class='ocrx_word' id='word_1_4' title='bbox 813 283 1004 342; x_wconf 80' lang='lat' dir='ltr'>CICERONIS</span> 
     </span>
    </p>
   </div>
   <div class='ocr_carea' id='block_1_2' title="bbox 161 445 1443 2302">
    <p class='ocr_par' dir='ltr' id='par_1_2' title="bbox 161 445 1443 2302">
     <span class='ocr_line' id='line_1_2' title="bbox 213 445 1404 533; baseline -0.003 -19"><span class='ocrx_word' id='word_1_5' title='bbox 213 449 277 514; x_wconf 88' lang='lat' dir='ltr'><strong>fuit</strong></span> <span class='ocrx_word' id='word_1_6' title='bbox 304 453 337 513; x_wconf 91' lang='lat' dir='ltr'><strong>et</strong></span> <span class='ocrx_word' id='word_1_7' title='bbox 363 448 555 514; x_wconf 87' lang='lat' dir='ltr'><strong>acerrimum</strong></span> <span class='ocrx_word' id='word_1_8' title='bbox 582 448 711 514; x_wconf 90' lang='lat' dir='ltr'><strong>hostem</strong></span> <span class='ocrx_word' id='word_1_9' title='bbox 738 447 835 514; x_wconf 91' lang='lat' dir='ltr'><strong>huius</strong></span> <span class='ocrx_word' id='word_1_10' title='bbox 863 447 989 533; x_wconf 89' lang='lat' dir='ltr'><strong>imperii</strong></span> <span class='ocrx_word' id='word_1_11' title='bbox 1012 445 1235 513; x_wconf 75' lang='lat' dir='ltr'><strong>Mithridatem</strong></span> <span class='ocrx_word' id='word_1_12' title='bbox 1262 445 1404 531; x_wconf 88' lang='lat' dir='ltr'><strong>pulsum</strong></span> 
     </span>
     <span class='ocr_line' id='line_1_3' title="bbox 213 535 1403 622; baseline -0.002 -21"><span class='ocrx_word' id='word_1_13' title='bbox 213 537 320 603; x_wconf 89' lang='lat' dir='ltr'><strong>Ponto</strong></span> <span class='ocrx_word' id='word_1_14' title='bbox 343 537 461 622; x_wconf 87' lang='lat' dir='ltr'><strong>opibus</strong></span> <span class='ocrx_word' id='word_1_15' title='bbox 485 537 552 602; x_wconf 90' lang='lat' dir='ltr'><strong>suis</strong></span> <span class='ocrx_word' id='word_1_16' title='bbox 570 557 736 622; x_wconf 78' lang='lat' dir='ltr'><strong>regnoque</strong></span> <span class='ocrx_word' id='word_1_17' title='bbox 754 535 906 620; x_wconf 87' lang='lat' dir='ltr'><strong>defendit,</strong></span> <span class='ocrx_word' id='word_1_18' title='bbox 929 541 962 601; x_wconf 90' lang='lat' dir='ltr'><strong>et</strong></span> <span class='ocrx_word' id='word_1_19' title='bbox 983 537 1025 601; x_wconf 87' lang='lat' dir='ltr'><strong>eb</strong></span> <span class='ocrx_word' id='word_1_20' title='bbox 1044 535 1077 600; x_wconf 89' lang='lat' dir='ltr'><strong>L.</strong></span> <span class='ocrx_word' id='word_1_21' title='bbox 1097 535 1241 620; x_wconf 84' lang='lat' dir='ltr'><strong>Lucullo,</strong></span> <span class='ocrx_word' id='word_1_22' title='bbox 1264 555 1403 599; x_wconf 88' lang='lat' dir='ltr'><strong>summo</strong></span> 
     </span>
     <span class='ocr_line' id='line_1_4' title="bbox 214 623 1403 710; baseline -0.005 -18"><span class='ocrx_word' id='word_1_23' title='bbox 214 627 284 692; x_wconf 84' lang='lat' dir='ltr'><strong>viro</strong></span> <span class='ocrx_word' id='word_1_24' title='bbox 305 629 400 710; x_wconf 87' lang='lat' dir='ltr'><strong>etque</strong></span> <span class='ocrx_word' id='word_1_25' title='bbox 419 627 623 710; x_wconf 90' lang='lat' dir='ltr'><strong>imperatore,</strong></span> <span class='ocrx_word' id='word_1_26' title='bbox 641 627 763 709; x_wconf 87' lang='lat' dir='ltr'><strong>pulsus,</strong></span> <span class='ocrx_word' id='word_1_27' title='bbox 784 624 892 690; x_wconf 89' lang='lat' dir='ltr'><strong>animo</strong></span> <span class='ocrx_word' id='word_1_28' title='bbox 910 629 1021 689; x_wconf 88' lang='lat' dir='ltr'><strong>temen</strong></span> <span class='ocrx_word' id='word_1_29' title='bbox 1038 625 1151 690; x_wconf 88' lang='lat' dir='ltr'><strong>hostili</strong></span> <span class='ocrx_word' id='word_1_30' title='bbox 1169 645 1242 688; x_wconf 88' lang='lat' dir='ltr'><strong>oum</strong></span> <span class='ocrx_word' id='word_1_31' title='bbox 1260 623 1403 707; x_wconf 86' lang='lat' dir='ltr'><strong>reliquis</strong></span> 
     </span>
     <span class='ocr_line' id='line_1_5' title="bbox 214 710 1403 800; baseline -0.003 -21"><span class='ocrx_word' id='word_1_32' title='bbox 214 715 282 779; x_wconf 90' lang='lat' dir='ltr'><strong>suis</strong></span> <span class='ocrx_word' id='word_1_33' title='bbox 306 715 408 798; x_wconf 88' lang='lat' dir='ltr'><strong>copiis</strong></span> <span class='ocrx_word' id='word_1_34' title='bbox 431 714 466 778; x_wconf 89' lang='lat' dir='ltr'><strong>in</strong></span> <span class='ocrx_word' id='word_1_35' title='bbox 488 714 628 798; x_wconf 78' lang='lat' dir='ltr'><strong>pristina</strong></span> <span class='ocrx_word' id='word_1_36' title='bbox 646 716 753 777; x_wconf 80' lang='lat' dir='ltr'><strong>mente</strong></span> <span class='ocrx_word' id='word_1_37' title='bbox 771 710 918 800; x_wconf 69' lang='lat' dir='ltr'><strong>mansit]</strong></span> <span class='ocrx_word' id='word_1_38' title='bbox 942 713 1029 777; x_wconf 88' lang='lat' dir='ltr'><strong>hune</strong></span> <span class='ocrx_word' id='word_1_39' title='bbox 1048 711 1106 776; x_wconf 82' lang='lat' dir='ltr'><strong>On.</strong></span> <span class='ocrx_word' id='word_1_40' title='bbox 1124 711 1298 796; x_wconf 85' lang='lat' dir='ltr'><strong>Pompeius</strong></span> <span class='ocrx_word' id='word_1_41' title='bbox 1318 731 1403 776; x_wconf 88' lang='lat' dir='ltr'><strong>curn</strong></span> 
     </span>
     <span class='ocr_line' id='line_1_6' title="bbox 213 800 1431 905; baseline -0.003 -38"><span class='ocrx_word' id='word_1_42' title='bbox 213 803 249 867; x_wconf 91' lang='lat' dir='ltr'><strong>in</strong></span> <span class='ocrx_word' id='word_1_43' title='bbox 268 803 333 905; x_wconf 76' lang='lat' dir='ltr'><strong>suis</strong></span> <span class='ocrx_word' id='word_1_44' title='bbox 353 803 467 868; x_wconf 82' lang='lat' dir='ltr'><strong>eastris</strong></span> <span class='ocrx_word' id='word_1_45' title='bbox 486 802 664 904; x_wconf 78' lang='lat' dir='ltr'><strong>supplicem</strong></span> <span class='ocrx_word' id='word_1_46' title='bbox 683 802 845 904; x_wconf 78' lang='lat' dir='ltr'><strong>abiectum</strong></span> <span class='ocrx_word' id='word_1_47' title='bbox 862 801 1004 902; x_wconf 77' lang='lat' dir='ltr'><strong>vidisset,</strong></span> <span class='ocrx_word' id='word_1_48' title='bbox 1027 801 1129 865; x_wconf 87' lang='lat' dir='ltr'><strong>erexit</strong></span> <span class='ocrx_word' id='word_1_49' title='bbox 1147 804 1244 904; x_wconf 66' lang='lat' dir='ltr'><strong>atque</strong></span> <span class='ocrx_word' id='word_1_50' title='bbox 1263 800 1402 902; x_wconf 76' lang='lat' dir='ltr'><strong>insigne</strong></span> <span class='ocrx_word' id='word_1_51' title='bbox 1419 817 1431 856; x_wconf 79' lang='lat'><strong>⁵</strong></span> 
     </span>
     <span class='ocr_line' id='line_1_7' title="bbox 213 889 1401 1064; baseline -0.001 -21"><span class='ocrx_word' id='word_1_52' title='bbox 213 889 1401 1064; x_wconf 42' lang='grc'>111113311111131115111111111115111113</span> 
     </span>
     <span class='ocr_line' id='line_1_8' title="bbox 214 1065 1401 1153; baseline -0.002 -22"><span class='ocrx_word' id='word_1_53' title='bbox 214 1068 392 1153; x_wconf 83' lang='lat' dir='ltr'><strong>gloriosum</strong></span> <span class='ocrx_word' id='word_1_54' title='bbox 419 1067 546 1150; x_wconf 83' lang='lat' dir='ltr'><strong>putarit</strong></span> <span class='ocrx_word' id='word_1_55' title='bbox 574 1067 788 1132; x_wconf 88' lang='lat' dir='ltr'><strong>constitutum</strong></span> <span class='ocrx_word' id='word_1_56' title='bbox 811 1089 831 1132; x_wconf 86' lang='lat' dir='ltr'><strong>a</strong></span> <span class='ocrx_word' id='word_1_57' title='bbox 854 1087 888 1132; x_wconf 85' lang='lat' dir='ltr'><strong>se</strong></span> <span class='ocrx_word' id='word_1_58' title='bbox 915 1085 1026 1152; x_wconf 81' lang='lat' dir='ltr'><strong>regem</strong></span> <span class='ocrx_word' id='word_1_59' title='bbox 1054 1087 1152 1151; x_wconf 91' lang='lat' dir='ltr'><strong>quam</strong></span> <span class='ocrx_word' id='word_1_60' title='bbox 1179 1065 1401 1131; x_wconf 86' lang='lat' dir='ltr'><strong>constrictum</strong></span> 
     </span>
     <span class='ocr_line' id='line_1_9' title="bbox 161 1149 1401 1239; baseline -0.005 -16"><span class='ocrx_word' id='word_1_61' title='bbox 161 1174 194 1224; x_wconf 81' lang='lat'><strong>59</strong></span> <span class='ocrx_word' id='word_1_62' title='bbox 213 1149 324 1220; x_wconf 83' lang='lat' dir='ltr'><strong>videri.</strong></span> <span class='ocrx_word' id='word_1_63' title='bbox 365 1157 394 1220; x_wconf 80' lang='lat' dir='ltr'><strong>c&#39;s</strong></span> <span class='ocrx_word' id='word_1_64' title='bbox 416 1156 524 1239; x_wconf 71' lang='lat' dir='ltr'><strong>ipilurr,</strong></span> <span class='ocrx_word' id='word_1_65' title='bbox 546 1157 601 1236; x_wconf 79' lang='lat' dir='ltr'><strong>pei</strong></span> <span class='ocrx_word' id='word_1_66' title='bbox 623 1155 733 1220; x_wconf 82' lang='lat' dir='ltr'><strong>bellum</strong></span> <span class='ocrx_word' id='word_1_67' title='bbox 755 1155 882 1239; x_wconf 70' lang='lat' dir='ltr'><strong>muln,</strong></span> <span class='ocrx_word' id='word_1_68' title='bbox 906 1155 964 1239; x_wconf 89' lang='lat' dir='ltr'><strong>qui</strong></span> <span class='ocrx_word' id='word_1_69' title='bbox 987 1155 1164 1239; x_wconf 72' lang='lat' dir='ltr'><strong>lacessivit,</strong></span> <span class='ocrx_word' id='word_1_70' title='bbox 1187 1155 1244 1239; x_wconf 90' lang='lat' dir='ltr'><strong>qui</strong></span> <span class='ocrx_word' id='word_1_71' title='bbox 1267 1154 1401 1238; x_wconf 88' lang='lat' dir='ltr'><strong>etipse</strong></span> 
     </span>
     <span class='ocr_line' id='line_1_10' title="bbox 213 1243 1443 1328; baseline -0.002 -20"><span class='ocrx_word' id='word_1_72' title='bbox 213 1243 317 1308; x_wconf 89' lang='lat' dir='ltr'><strong>hostis</strong></span> <span class='ocrx_word' id='word_1_73' title='bbox 334 1243 409 1308; x_wconf 65' lang='lat' dir='ltr'><strong>ruia</strong></span> <span class='ocrx_word' id='word_1_74' title='bbox 439 1243 551 1328; x_wconf 91' lang='lat' dir='ltr'><strong>populi</strong></span> <span class='ocrx_word' id='word_1_75' title='bbox 578 1243 719 1308; x_wconf 86' lang='lat' dir='ltr'><strong>Romani</strong></span> <span class='ocrx_word' id='word_1_76' title='bbox 744 1247 779 1307; x_wconf 86' lang='lat' dir='ltr'><strong>et</strong></span> <span class='ocrx_word' id='word_1_77' title='bbox 806 1243 997 1308; x_wconf 86' lang='lat' dir='ltr'><strong>acerrimum</strong></span> <span class='ocrx_word' id='word_1_78' title='bbox 1028 1243 1157 1308; x_wconf 80' lang='lat' dir='ltr'><strong>hostem</strong></span> <span class='ocrx_word' id='word_1_79' title='bbox 1188 1243 1223 1306; x_wconf 90' lang='lat' dir='ltr'><strong>iu</strong></span> <span class='ocrx_word' id='word_1_80' title='bbox 1253 1261 1399 1328; x_wconf 80' lang='lat' dir='ltr'><strong>regnum</strong></span> <span class='ocrx_word' id='word_1_81' title='bbox 1417 1260 1443 1299; x_wconf 79' lang='grc' dir='ltr'><strong>ιο</strong></span> 
     </span>
     <span class='ocr_line' id='line_1_11' title="bbox 213 1331 1399 1417; baseline -0.002 -21"><span class='ocrx_word' id='word_1_82' title='bbox 213 1332 346 1416; x_wconf 77' lang='lat' dir='ltr'><strong>reecpit,</strong></span> <span class='ocrx_word' id='word_1_83' title='bbox 368 1331 424 1417; x_wconf 90' lang='lat' dir='ltr'><strong>qui</strong></span> <span class='ocrx_word' id='word_1_84' title='bbox 447 1331 598 1413; x_wconf 86' lang='lat' dir='ltr'><strong>conflixit,</strong></span> <span class='ocrx_word' id='word_1_85' title='bbox 622 1332 677 1416; x_wconf 91' lang='lat' dir='ltr'><strong>qui</strong></span> <span class='ocrx_word' id='word_1_86' title='bbox 701 1333 796 1416; x_wconf 85' lang='lat' dir='ltr'><strong>signa</strong></span> <span class='ocrx_word' id='word_1_87' title='bbox 818 1331 967 1416; x_wconf 89' lang='lat' dir='ltr'><strong>contulit,</strong></span> <span class='ocrx_word' id='word_1_88' title='bbox 991 1332 1046 1416; x_wconf 89' lang='lat' dir='ltr'><strong>qui</strong></span> <span class='ocrx_word' id='word_1_89' title='bbox 1069 1332 1108 1396; x_wconf 91' lang='lat' dir='ltr'><strong>de</strong></span> <span class='ocrx_word' id='word_1_90' title='bbox 1129 1331 1266 1416; x_wconf 82' lang='lat' dir='ltr'><strong>imperio</strong></span> <span class='ocrx_word' id='word_1_91' title='bbox 1289 1351 1399 1414; x_wconf 85' lang='lat' dir='ltr'><strong>paene</strong></span> 
     </span>
     <span class='ocr_line' id='line_1_12' title="bbox 214 1419 1400 1505; baseline -0.001 -21"><span class='ocrx_word' id='word_1_92' title='bbox 214 1420 364 1499; x_wconf 85' lang='lat' dir='ltr'><strong>certavit,</strong></span> <span class='ocrx_word' id='word_1_93' title='bbox 392 1423 509 1505; x_wconf 75' lang='lat' dir='ltr'><strong>regnat</strong></span> <span class='ocrx_word' id='word_1_94' title='bbox 534 1419 630 1485; x_wconf 90' lang='lat' dir='ltr'><strong>hodie</strong></span> <span class='ocrx_word' id='word_1_95' title='bbox 654 1423 687 1484; x_wconf 88' lang='lat' dir='ltr'><strong>et</strong></span> <span class='ocrx_word' id='word_1_96' title='bbox 712 1419 873 1484; x_wconf 80' lang='lat' dir='ltr'><strong>amicitiae</strong></span> <span class='ocrx_word' id='word_1_97' title='bbox 895 1441 1015 1484; x_wconf 89' lang='lat' dir='ltr'><strong>nomen</strong></span> <span class='ocrx_word' id='word_1_98' title='bbox 1036 1441 1074 1485; x_wconf 86' lang='lat' dir='ltr'><strong>ec</strong></span> <span class='ocrx_word' id='word_1_99' title='bbox 1098 1420 1275 1503; x_wconf 85' lang='lat' dir='ltr'><strong>societatis,</strong></span> <span class='ocrx_word' id='word_1_100' title='bbox 1305 1420 1400 1504; x_wconf 89' lang='lat' dir='ltr'><strong>quod</strong></span> 
     </span>
     <span class='ocr_line' id='line_1_13' title="bbox 214 1506 1398 1592; baseline -0.002 -20"><span class='ocrx_word' id='word_1_101' title='bbox 214 1508 313 1573; x_wconf 83' lang='lat' dir='ltr'><strong>armis</strong></span> <span class='ocrx_word' id='word_1_102' title='bbox 336 1508 487 1592; x_wconf 83' lang='lat' dir='ltr'><strong>violaret,</strong></span> <span class='ocrx_word' id='word_1_103' title='bbox 514 1508 547 1572; x_wconf 91' lang='lat' dir='ltr'><strong>id</strong></span> <span class='ocrx_word' id='word_1_104' title='bbox 569 1507 718 1592; x_wconf 82' lang='lat' dir='ltr'><strong>precibus</strong></span> <span class='ocrx_word' id='word_1_105' title='bbox 742 1511 792 1572; x_wconf 89' lang='lat' dir='ltr'><strong>est</strong></span> <span class='ocrx_word' id='word_1_106' title='bbox 814 1512 1018 1574; x_wconf 88' lang='lat' dir='ltr'><strong>consecutus:</strong></span> <span class='ocrx_word' id='word_1_107' title='bbox 1046 1508 1101 1573; x_wconf 92' lang='lat' dir='ltr'><strong>ille</strong></span> <span class='ocrx_word' id='word_1_108' title='bbox 1124 1506 1262 1592; x_wconf 84' lang='lat' dir='ltr'><strong>Cyprius</strong></span> <span class='ocrx_word' id='word_1_109' title='bbox 1284 1508 1398 1589; x_wconf 87' lang='lat' dir='ltr'><strong>miser,</strong></span> 
     </span>
     <span class='ocr_line' id='line_1_14' title="bbox 214 1596 1396 1682; baseline 0.001 -23"><span class='ocrx_word' id='word_1_110' title='bbox 214 1596 270 1680; x_wconf 90' lang='lat' dir='ltr'><strong>qui</strong></span> <span class='ocrx_word' id='word_1_111' title='bbox 293 1617 420 1680; x_wconf 85' lang='lat' dir='ltr'><strong>semper</strong></span> <span class='ocrx_word' id='word_1_112' title='bbox 442 1596 573 1675; x_wconf 81' lang='lat' dir='ltr'><strong>amicus,</strong></span> <span class='ocrx_word' id='word_1_113' title='bbox 597 1619 723 1682; x_wconf 87' lang='lat' dir='ltr'><strong>semper</strong></span> <span class='ocrx_word' id='word_1_114' title='bbox 746 1597 851 1662; x_wconf 88' lang='lat' dir='ltr'><strong>socius</strong></span> <span class='ocrx_word' id='word_1_115' title='bbox 873 1597 949 1681; x_wconf 89' lang='lat' dir='ltr'><strong>fuit,</strong></span> <span class='ocrx_word' id='word_1_116' title='bbox 972 1597 1011 1662; x_wconf 88' lang='lat' dir='ltr'><strong>de</strong></span> <span class='ocrx_word' id='word_1_117' title='bbox 1034 1618 1099 1682; x_wconf 91' lang='lat' dir='ltr'><strong>quo</strong></span> <span class='ocrx_word' id='word_1_118' title='bbox 1121 1597 1213 1662; x_wconf 90' lang='lat' dir='ltr'><strong>nulla</strong></span> <span class='ocrx_word' id='word_1_119' title='bbox 1235 1617 1396 1681; x_wconf 88' lang='lat' dir='ltr'><strong>umquam</strong></span> 
     </span>
     <span class='ocr_line' id='line_1_15' title="bbox 215 1684 1438 1770; baseline 0.001 -23"><span class='ocrx_word' id='word_1_120' title='bbox 215 1684 357 1767; x_wconf 86' lang='lat' dir='ltr'><strong>suspicio</strong></span> <span class='ocrx_word' id='word_1_121' title='bbox 389 1684 500 1750; x_wconf 75' lang='lat' dir='ltr'><strong>dumor</strong></span> <span class='ocrx_word' id='word_1_122' title='bbox 532 1689 589 1750; x_wconf 88' lang='lat' dir='ltr'><strong>eut</strong></span> <span class='ocrx_word' id='word_1_123' title='bbox 620 1686 661 1750; x_wconf 90' lang='lat' dir='ltr'><strong>ad</strong></span> <span class='ocrx_word' id='word_1_124' title='bbox 694 1689 843 1751; x_wconf 86' lang='lat' dir='ltr'><strong>senatum</strong></span> <span class='ocrx_word' id='word_1_125' title='bbox 874 1690 932 1751; x_wconf 85' lang='lat' dir='ltr'><strong>eut</strong></span> <span class='ocrx_word' id='word_1_126' title='bbox 963 1685 1004 1750; x_wconf 90' lang='lat' dir='ltr'><strong>ad</strong></span> <span class='ocrx_word' id='word_1_127' title='bbox 1036 1686 1247 1770; x_wconf 87' lang='lat' dir='ltr'><strong>imperatores</strong></span> <span class='ocrx_word' id='word_1_128' title='bbox 1280 1685 1394 1749; x_wconf 84' lang='lat' dir='ltr'><strong>adlata</strong></span> <span class='ocrx_word' id='word_1_129' title='bbox 1412 1700 1438 1741; x_wconf 73' lang='lat'><strong>15</strong></span> 
     </span>
     <span class='ocr_line' id='line_1_16' title="bbox 213 1773 1396 1859; baseline 0 -23"><span class='ocrx_word' id='word_1_130' title='bbox 213 1776 343 1837; x_wconf 86' lang='lat' dir='ltr'><strong>nostros</strong></span> <span class='ocrx_word' id='word_1_131' title='bbox 367 1775 426 1858; x_wconf 91' lang='lat' dir='ltr'><strong>est,</strong></span> <span class='ocrx_word' id='word_1_132' title='bbox 449 1774 550 1858; x_wconf 78' lang='lat' dir='ltr'><strong>vivus,</strong></span> <span class='ocrx_word' id='word_1_133' title='bbox 573 1777 610 1839; x_wconf 90' lang='lat' dir='ltr'><strong>ut</strong></span> <span class='ocrx_word' id='word_1_134' title='bbox 632 1775 731 1859; x_wconf 89' lang='lat' dir='ltr'><strong>aiunt,</strong></span> <span class='ocrx_word' id='word_1_135' title='bbox 755 1777 806 1840; x_wconf 89' lang='lat' dir='ltr'><strong>est</strong></span> <span class='ocrx_word' id='word_1_136' title='bbox 828 1779 861 1839; x_wconf 93' lang='lat' dir='ltr'><strong>et</strong></span> <span class='ocrx_word' id='word_1_137' title='bbox 878 1775 991 1839; x_wconf 84' lang='lat' dir='ltr'><strong>ridens</strong></span> <span class='ocrx_word' id='word_1_138' title='bbox 1017 1795 1091 1839; x_wconf 86' lang='lat' dir='ltr'><strong>curn</strong></span> <span class='ocrx_word' id='word_1_139' title='bbox 1109 1774 1196 1838; x_wconf 85' lang='lat' dir='ltr'><strong>victu</strong></span> <span class='ocrx_word' id='word_1_140' title='bbox 1215 1793 1252 1837; x_wconf 86' lang='lat' dir='ltr'><strong>ac</strong></span> <span class='ocrx_word' id='word_1_141' title='bbox 1271 1773 1396 1837; x_wconf 87' lang='lat' dir='ltr'><strong>vestitu</strong></span> 
     </span>
     <span class='ocr_line' id='line_1_17' title="bbox 214 1861 1396 1949; baseline 0.001 -24"><span class='ocrx_word' id='word_1_142' title='bbox 214 1882 273 1927; x_wconf 90' lang='lat' dir='ltr'><strong>suo</strong></span> <span class='ocrx_word' id='word_1_143' title='bbox 297 1861 490 1945; x_wconf 84' lang='lat' dir='ltr'><strong>publicatus.</strong></span> <span class='ocrx_word' id='word_1_144' title='bbox 532 1883 573 1926; x_wconf 92' lang='lat' dir='ltr'><strong>en</strong></span> <span class='ocrx_word' id='word_1_145' title='bbox 596 1883 653 1927; x_wconf 90' lang='lat' dir='ltr'><strong>eur</strong></span> <span class='ocrx_word' id='word_1_146' title='bbox 675 1864 773 1927; x_wconf 89' lang='lat' dir='ltr'><strong>ceteri</strong></span> <span class='ocrx_word' id='word_1_147' title='bbox 795 1883 888 1949; x_wconf 80' lang='lat' dir='ltr'><strong>reges</strong></span> <span class='ocrx_word' id='word_1_148' title='bbox 912 1863 1061 1928; x_wconf 85' lang='lat' dir='ltr'><strong>stabilem</strong></span> <span class='ocrx_word' id='word_1_149' title='bbox 1085 1883 1157 1927; x_wconf 87' lang='lat' dir='ltr'><strong>esse</strong></span> <span class='ocrx_word' id='word_1_150' title='bbox 1175 1883 1267 1926; x_wconf 90' lang='lat' dir='ltr'><strong>suem</strong></span> <span class='ocrx_word' id='word_1_151' title='bbox 1289 1861 1396 1926; x_wconf 82' lang='lat' dir='ltr'><strong>fortu-</strong></span> 
     </span>
     <span class='ocr_line' id='line_1_18' title="bbox 214 1949 1395 2035; baseline 0.002 -23"><span class='ocrx_word' id='word_1_152' title='bbox 214 1969 291 2013; x_wconf 89' lang='lat' dir='ltr'><strong>nam</strong></span> <span class='ocrx_word' id='word_1_153' title='bbox 315 1949 527 2034; x_wconf 83' lang='lat' dir='ltr'><strong>arbitrentur,</strong></span> <span class='ocrx_word' id='word_1_154' title='bbox 555 1971 628 2014; x_wconf 89' lang='lat' dir='ltr'><strong>oum</strong></span> <span class='ocrx_word' id='word_1_155' title='bbox 650 1951 712 2016; x_wconf 91' lang='lat' dir='ltr'><strong>hoc</strong></span> <span class='ocrx_word' id='word_1_156' title='bbox 734 1951 824 2016; x_wconf 89' lang='lat' dir='ltr'><strong>illius</strong></span> <span class='ocrx_word' id='word_1_157' title='bbox 847 1951 969 2015; x_wconf 83' lang='lat' dir='ltr'><strong>funesti</strong></span> <span class='ocrx_word' id='word_1_158' title='bbox 992 1950 1069 2016; x_wconf 85' lang='lat' dir='ltr'><strong>enni</strong></span> <span class='ocrx_word' id='word_1_159' title='bbox 1091 1951 1220 2035; x_wconf 87' lang='lat' dir='ltr'><strong>prodito</strong></span> <span class='ocrx_word' id='word_1_160' title='bbox 1244 1951 1395 2034; x_wconf 86' lang='lat' dir='ltr'><strong>exemplo</strong></span> 
     </span>
     <span class='ocr_line' id='line_1_19' title="bbox 213 2037 1394 2123; baseline 0.002 -23"><span class='ocrx_word' id='word_1_161' title='bbox 213 2037 347 2101; x_wconf 81' lang='lat' dir='ltr'><strong>rideant</strong></span> <span class='ocrx_word' id='word_1_162' title='bbox 368 2058 426 2120; x_wconf 92' lang='lat' dir='ltr'><strong>per</strong></span> <span class='ocrx_word' id='word_1_163' title='bbox 448 2038 616 2102; x_wconf 87' lang='lat' dir='ltr'><strong>tribunum</strong></span> <span class='ocrx_word' id='word_1_164' title='bbox 643 2038 783 2122; x_wconf 86' lang='lat' dir='ltr'><strong>aliquem</strong></span> <span class='ocrx_word' id='word_1_165' title='bbox 807 2042 839 2103; x_wconf 90' lang='lat' dir='ltr'><strong>et</strong></span> <span class='ocrx_word' id='word_1_166' title='bbox 866 2042 1031 2104; x_wconf 83' lang='lat' dir='ltr'><strong>sescentas</strong></span> <span class='ocrx_word' id='word_1_167' title='bbox 1055 2060 1170 2123; x_wconf 87' lang='lat' dir='ltr'><strong>operas</strong></span> <span class='ocrx_word' id='word_1_168' title='bbox 1194 2059 1229 2102; x_wconf 92' lang='lat' dir='ltr'><strong>se</strong></span> <span class='ocrx_word' id='word_1_169' title='bbox 1251 2039 1394 2103; x_wconf 87' lang='lat' dir='ltr'><strong>fortunis</strong></span> 
     </span>
     <span class='ocr_line' id='line_1_20' title="bbox 161 2124 1437 2213; baseline 0.002 -25"><span class='ocrx_word' id='word_1_170' title='bbox 161 2147 199 2202; x_wconf 69' lang='lat'><strong>28</strong></span> <span class='ocrx_word' id='word_1_171' title='bbox 213 2124 348 2208; x_wconf 91' lang='lat' dir='ltr'><strong>spoliari</strong></span> <span class='ocrx_word' id='word_1_172' title='bbox 375 2130 408 2190; x_wconf 90' lang='lat' dir='ltr'><strong>ot</strong></span> <span class='ocrx_word' id='word_1_173' title='bbox 430 2143 530 2210; x_wconf 81' lang='lat' dir='ltr'><strong>reguo</strong></span> <span class='ocrx_word' id='word_1_174' title='bbox 558 2125 647 2191; x_wconf 91' lang='lat' dir='ltr'><strong>omni</strong></span> <span class='ocrx_word' id='word_1_175' title='bbox 674 2147 770 2211; x_wconf 87' lang='lat' dir='ltr'><strong>posse</strong></span> <span class='ocrx_word' id='word_1_176' title='bbox 792 2127 919 2192; x_wconf 79' lang='lat' dir='ltr'><strong>nudari!</strong></span> <span class='ocrx_word' id='word_1_177' title='bbox 950 2131 985 2192; x_wconf 91' lang='lat' dir='ltr'><strong>at</strong></span> <span class='ocrx_word' id='word_1_178' title='bbox 1007 2127 1107 2192; x_wconf 91' lang='lat' dir='ltr'><strong>ctiam</strong></span> <span class='ocrx_word' id='word_1_179' title='bbox 1130 2149 1168 2193; x_wconf 91' lang='lat' dir='ltr'><strong>eo</strong></span> <span class='ocrx_word' id='word_1_180' title='bbox 1191 2127 1322 2213; x_wconf 80' lang='lat' dir='ltr'><strong>negotio</strong></span> <span class='ocrx_word' id='word_1_181' title='bbox 1346 2124 1394 2191; x_wconf 89' lang='lat' dir='ltr'><strong>M.</strong></span> <span class='ocrx_word' id='word_1_182' title='bbox 1409 2143 1437 2182; x_wconf 72' lang='grc' dir='ltr'><strong>ιο</strong></span> 
     </span>
     <span class='ocr_line' id='line_1_21' title="bbox 162 2211 1396 2302; baseline 0.002 -24"><span class='ocrx_word' id='word_1_183' title='bbox 162 2237 196 2286; x_wconf 76' lang='lat' dir='ltr'><strong>eo</strong></span> <span class='ocrx_word' id='word_1_184' title='bbox 215 2211 348 2279; x_wconf 78' lang='lat' dir='ltr'><strong>Catonis</strong></span> <span class='ocrx_word' id='word_1_185' title='bbox 373 2214 575 2298; x_wconf 88' lang='lat' dir='ltr'><strong>splendorem</strong></span> <span class='ocrx_word' id='word_1_186' title='bbox 604 2216 766 2281; x_wconf 82' lang='lat' dir='ltr'><strong>maculare</strong></span> <span class='ocrx_word' id='word_1_187' title='bbox 791 2217 973 2300; x_wconf 83' lang='lat' dir='ltr'><strong>voluerunt,</strong></span> <span class='ocrx_word' id='word_1_188' title='bbox 999 2217 1107 2302; x_wconf 83' lang='lat' dir='ltr'><strong>ignari</strong></span> <span class='ocrx_word' id='word_1_189' title='bbox 1135 2216 1212 2302; x_wconf 92' lang='lat' dir='ltr'><strong>quid</strong></span> <span class='ocrx_word' id='word_1_190' title='bbox 1240 2216 1396 2301; x_wconf 84' lang='lat' dir='ltr'><strong>gravitas,</strong></span> 
     </span>
    </p>
   </div>
   <div class='ocr_carea' id='block_1_3' title="bbox 213 2369 1394 2495">
    <p class='ocr_par' dir='ltr' id='par_1_3' title="bbox 213 2369 1394 2495">
     <span class='ocr_line' id='line_1_22' title="bbox 213 2369 1394 2495; baseline 0.003 -72"><span class='ocrx_word' id='word_1_191' title='bbox 213 2387 241 2440; x_wconf 89' lang='lat' dir='ltr'><strong>p.</strong></span> <span class='ocrx_word' id='word_1_192' title='bbox 250 2376 293 2436; x_wconf 82' lang='lat'><strong>38,</strong></span> <span class='ocrx_word' id='word_1_193' title='bbox 304 2375 318 2423; x_wconf 90' lang='lat'>1</span> <span class='ocrx_word' id='word_1_194' title='bbox 330 2370 368 2424; x_wconf 91' lang='lat' dir='ltr'><strong>ist</strong></span> <span class='ocrx_word' id='word_1_195' title='bbox 381 2385 431 2424; x_wconf 83' lang='lat' dir='ltr'><strong>aus</strong></span> <span class='ocrx_word' id='word_1_196' title='bbox 441 2369 469 2425; x_wconf 87' lang='lat' dir='ltr'><strong>Z.</strong></span> <span class='ocrx_word' id='word_1_197' title='bbox 482 2377 522 2427; x_wconf 92' lang='lat'><strong>10.</strong></span> <span class='ocrx_word' id='word_1_198' title='bbox 535 2377 566 2425; x_wconf 90' lang='lat'><strong>11</strong></span> <span class='ocrx_word' id='word_1_199' title='bbox 579 2370 777 2495; x_wconf 60' lang='lat' dir='ltr'><strong>sinpestlscht3</strong></span> <span class='ocrx_word' id='word_1_200' title='bbox 831 2374 954 2442; x_wconf 77' lang='lat' dir='ltr'><strong>imperio,</strong></span> <span class='ocrx_word' id='word_1_201' title='bbox 973 2372 1023 2427; x_wconf 88' lang='lat' dir='ltr'><strong>der</strong></span> <span class='ocrx_word' id='word_1_202' title='bbox 1040 2389 1071 2428; x_wconf 91' lang='lat' dir='ltr'><strong>ss</strong></span> <span class='ocrx_word' id='word_1_203' title='bbox 1089 2371 1211 2427; x_wconf 89' lang='lat' dir='ltr'><strong>beinahe</strong></span> <span class='ocrx_word' id='word_1_204' title='bbox 1225 2373 1319 2443; x_wconf 79' lang='lat' dir='ltr'><strong>wagte</strong></span> <span class='ocrx_word' id='word_1_205' title='bbox 1336 2371 1394 2427; x_wconf 91' lang='lat' dir='ltr'><strong>den</strong></span> 
     </span>
    </p>
   </div>
   <div class='ocr_carea' id='block_1_4' title="bbox 162 2439 1442 4490">
    <p class='ocr_par' dir='ltr' id='par_1_4' title="bbox 162 2439 1442 4490">
     <span class='ocr_line' id='line_1_23' title="bbox 215 2439 1395 2514; baseline 0.004 -21"><span class='ocrx_word' id='word_1_206' title='bbox 215 2439 464 2510; x_wconf 80' lang='lat' dir='ltr'><strong>einederartige</strong></span> <span class='ocrx_word' id='word_1_207' title='bbox 474 2441 625 2496; x_wconf 89' lang='lat' dir='ltr'><strong>Wisderho</strong></span> <span class='ocrx_word' id='word_1_208' title='bbox 638 2459 695 2510; x_wconf 78' lang='lat' dir='ltr'><strong>ung</strong></span> <span class='ocrx_word' id='word_1_209' title='bbox 702 2442 778 2496; x_wconf 84' lang='lat' dir='ltr'><strong>kann</strong></span> <span class='ocrx_word' id='word_1_210' title='bbox 830 2441 954 2499; x_wconf 80' lang='lat' dir='ltr'><strong>Rbmsrn</strong></span> <span class='ocrx_word' id='word_1_211' title='bbox 972 2442 1018 2498; x_wconf 88' lang='lat' dir='ltr'><strong>die</strong></span> <span class='ocrx_word' id='word_1_212' title='bbox 1032 2443 1266 2500; x_wconf 79' lang='lat' dir='ltr'><strong>Weltherrschelt</strong></span> <span class='ocrx_word' id='word_1_213' title='bbox 1281 2442 1395 2514; x_wconf 81' lang='lat' dir='ltr'><strong>streitlg</strong></span> 
     </span>
     <span class='ocr_line' id='line_1_24' title="bbox 214 2510 1394 2584; baseline 0.003 -20"><span class='ocrx_word' id='word_1_214' title='bbox 214 2525 281 2564; x_wconf 82' lang='lat' dir='ltr'><strong>man</strong></span> <span class='ocrx_word' id='word_1_215' title='bbox 300 2510 392 2565; x_wconf 90' lang='lat' dir='ltr'><strong>einem</strong></span> <span class='ocrx_word' id='word_1_216' title='bbox 406 2511 646 2567; x_wconf 81' lang='lat' dir='ltr'><strong>nechdsnhenden</strong></span> <span class='ocrx_word' id='word_1_217' title='bbox 661 2511 778 2567; x_wconf 83' lang='lat' dir='ltr'><strong>Schrift·</strong></span> <span class='ocrx_word' id='word_1_218' title='bbox 832 2533 867 2568; x_wconf 82' lang='lat' dir='ltr'><strong>zu</strong></span> <span class='ocrx_word' id='word_1_219' title='bbox 885 2516 1011 2569; x_wconf 84' lang='lat' dir='ltr'><strong>macheu.</strong></span> <span class='ocrx_word' id='word_1_220' title='bbox 1029 2517 1033 2584; x_wconf 84' lang='grc' dir='ltr'>Ι</span> <span class='ocrx_word' id='word_1_221' title='bbox 1048 2515 1127 2568; x_wconf 77' lang='lat' dir='ltr'><strong>bodie</strong></span> <span class='ocrx_word' id='word_1_222' title='bbox 1145 2533 1178 2568; x_wconf 85' lang='lat' dir='ltr'><strong>zu</strong></span> <span class='ocrx_word' id='word_1_223' title='bbox 1197 2521 1212 2568; x_wconf 84' lang='lat'><strong>6</strong></span> <span class='ocrx_word' id='word_1_224' title='bbox 1253 2556 1258 2568; x_wconf 95' lang='lat'><strong>.</strong></span> <span class='ocrx_word' id='word_1_225' title='bbox 1278 2513 1310 2568; x_wconf 84' lang='lat' dir='ltr'><strong>E.</strong></span> <span class='ocrx_word' id='word_1_226' title='bbox 1326 2514 1331 2582; x_wconf 90' lang='lat' dir='ltr'><strong>l</strong></span> <span class='ocrx_word' id='word_1_227' title='bbox 1346 2529 1394 2568; x_wconf 80' lang='lat' dir='ltr'><strong>su·</strong></span> 
     </span>
     <span class='ocr_line' id='line_1_25' title="bbox 214 2579 1393 2656; baseline 0.003 -22"><span class='ocrx_word' id='word_1_228' title='bbox 214 2580 310 2635; x_wconf 90' lang='lat' dir='ltr'><strong>steller</strong></span> <span class='ocrx_word' id='word_1_229' title='bbox 336 2579 416 2635; x_wconf 92' lang='lat' dir='ltr'><strong>nicht</strong></span> <span class='ocrx_word' id='word_1_230' title='bbox 443 2583 589 2649; x_wconf 83' lang='lat' dir='ltr'><strong>zutreusn;</strong></span> <span class='ocrx_word' id='word_1_231' title='bbox 617 2582 689 2638; x_wconf 85' lang='lat' dir='ltr'><strong>auch</strong></span> <span class='ocrx_word' id='word_1_232' title='bbox 713 2585 777 2652; x_wconf 78' lang='lat' dir='ltr'><strong>pul-</strong></span> <span class='ocrx_word' id='word_1_233' title='bbox 831 2586 918 2654; x_wconf 83' lang='lat' dir='ltr'><strong>spicio</strong></span> <span class='ocrx_word' id='word_1_234' title='bbox 932 2585 1038 2651; x_wconf 68' lang='lat' dir='ltr'><strong>ducier,</strong></span> <span class='ocrx_word' id='word_1_235' title='bbox 1056 2584 1109 2639; x_wconf 82' lang='lat' dir='ltr'><strong>wie</strong></span> <span class='ocrx_word' id='word_1_236' title='bbox 1125 2602 1188 2656; x_wconf 87' lang='lat' dir='ltr'><strong>epp.</strong></span> <span class='ocrx_word' id='word_1_237' title='bbox 1262 2583 1393 2652; x_wconf 80' lang='lat' dir='ltr'><strong>fam.12,</strong></span> 
     </span>
     <span class='ocr_line' id='line_1_26' title="bbox 214 2649 1394 2722; baseline 0.003 -16"><span class='ocrx_word' id='word_1_238' title='bbox 214 2666 262 2706; x_wconf 81' lang='lat' dir='ltr'><strong>sus</strong></span> <span class='ocrx_word' id='word_1_239' title='bbox 288 2649 315 2708; x_wconf 86' lang='lat' dir='ltr'><strong>Z.</strong></span> <span class='ocrx_word' id='word_1_240' title='bbox 344 2657 360 2705; x_wconf 83' lang='lat'>3</span> <span class='ocrx_word' id='word_1_241' title='bbox 388 2651 427 2706; x_wconf 91' lang='lat' dir='ltr'><strong>ist</strong></span> <span class='ocrx_word' id='word_1_242' title='bbox 454 2651 527 2708; x_wconf 81' lang='lat' dir='ltr'><strong>nach</strong></span> <span class='ocrx_word' id='word_1_243' title='bbox 555 2651 584 2707; x_wconf 90' lang='grc' dir='ltr'><strong>Ζ.</strong></span> <span class='ocrx_word' id='word_1_244' title='bbox 613 2660 627 2707; x_wconf 98' lang='grc'>1</span> <span class='ocrx_word' id='word_1_245' title='bbox 657 2653 715 2707; x_wconf 89' lang='lat' dir='ltr'><strong>und</strong></span> <span class='ocrx_word' id='word_1_246' title='bbox 741 2671 778 2709; x_wconf 89' lang='lat' dir='ltr'><strong>an</strong></span> <span class='ocrx_word' id='word_1_247' title='bbox 832 2659 898 2722; x_wconf 64' lang='lat' dir='ltr'><strong>tte,</strong></span> <span class='ocrx_word' id='word_1_248' title='bbox 914 2661 929 2710; x_wconf 79' lang='grc'>1</span> <span class='ocrx_word' id='word_1_249' title='bbox 944 2655 979 2710; x_wconf 91' lang='lat' dir='ltr'><strong>ds</strong></span> <span class='ocrx_word' id='word_1_250' title='bbox 995 2651 1043 2710; x_wconf 80' lang='lat' dir='ltr'><strong>Gn.</strong></span> <span class='ocrx_word' id='word_1_251' title='bbox 1057 2653 1180 2711; x_wconf 87' lang='lat' dir='ltr'><strong>Minucio</strong></span> <span class='ocrx_word' id='word_1_252' title='bbox 1196 2698 1203 2710; x_wconf 92' lang='lat'>.</span> <span class='ocrx_word' id='word_1_253' title='bbox 1218 2697 1247 2710; x_wconf 88' lang='lat'><strong>..</strong></span> <span class='ocrx_word' id='word_1_254' title='bbox 1266 2671 1394 2710; x_wconf 88' lang='lat' dir='ltr'><strong>rumores</strong></span> 
     </span>
     <span class='ocr_line' id='line_1_27' title="bbox 215 2721 1393 2794; baseline 0.003 -18"><span class='ocrx_word' id='word_1_255' title='bbox 215 2722 276 2776; x_wconf 91' lang='lat' dir='ltr'><strong>sich</strong></span> <span class='ocrx_word' id='word_1_256' title='bbox 293 2721 527 2794; x_wconf 27' lang='lat' dir='ltr'><strong>nicht-meglioh:</strong></span> <span class='ocrx_word' id='word_1_257' title='bbox 547 2741 613 2780; x_wconf 84' lang='lat' dir='ltr'><strong>man</strong></span> <span class='ocrx_word' id='word_1_258' title='bbox 631 2727 778 2781; x_wconf 80' lang='lat' dir='ltr'><strong>erwurtete</strong></span> <span class='ocrx_word' id='word_1_259' title='bbox 832 2725 959 2781; x_wconf 86' lang='lat' dir='ltr'><strong>duriores</strong></span> <span class='ocrx_word' id='word_1_260' title='bbox 981 2727 1070 2782; x_wconf 81' lang='lat' dir='ltr'><strong>erent.</strong></span> <span class='ocrx_word' id='word_1_261' title='bbox 1105 2725 1285 2782; x_wconf 79' lang='lat' dir='ltr'><strong>Ptolemaeus</strong></span> <span class='ocrx_word' id='word_1_262' title='bbox 1308 2726 1393 2782; x_wconf 82' lang='lat' dir='ltr'><strong>sollte</strong></span> 
     </span>
     <span class='ocr_line' id='line_1_28' title="bbox 215 2793 1391 2866; baseline 0.004 -19"><span class='ocrx_word' id='word_1_263' title='bbox 215 2793 404 2862; x_wconf 83' lang='lat' dir='ltr'><strong>compluribus</strong></span> <span class='ocrx_word' id='word_1_264' title='bbox 433 2795 549 2865; x_wconf 90' lang='lat' dir='ltr'><strong>proeliis</strong></span> <span class='ocrx_word' id='word_1_265' title='bbox 581 2795 671 2850; x_wconf 84' lang='lat' dir='ltr'><strong>rictus</strong></span> <span class='ocrx_word' id='word_1_266' title='bbox 698 2812 723 2853; x_wconf 90' lang='lat' dir='ltr'><strong>o.</strong></span> <span class='ocrx_word' id='word_1_267' title='bbox 752 2801 778 2851; x_wconf 71' lang='lat' dir='ltr'><strong>a.</strong></span> <span class='ocrx_word' id='word_1_268' title='bbox 833 2796 878 2851; x_wconf 89' lang='lat' dir='ltr'><strong>die</strong></span> <span class='ocrx_word' id='word_1_269' title='bbox 898 2795 1051 2852; x_wconf 78' lang='lat' dir='ltr'><strong>Ssertubsr</strong></span> <span class='ocrx_word' id='word_1_270' title='bbox 1069 2799 1241 2853; x_wconf 78' lang='lat' dir='ltr'><strong>unterstutzt</strong></span> <span class='ocrx_word' id='word_1_271' title='bbox 1262 2795 1391 2866; x_wconf 70' lang='lat' dir='ltr'><strong>habent</strong></span> 
     </span>
     <span class='ocr_line' id='line_1_29' title="bbox 215 2864 1393 2939; baseline 0.005 -23"><span class='ocrx_word' id='word_1_272' title='bbox 215 2865 308 2918; x_wconf 76' lang='lat' dir='ltr'><strong>animo</strong></span> <span class='ocrx_word' id='word_1_273' title='bbox 331 2865 426 2918; x_wconf 69' lang='lat' dir='ltr'><strong>Metili</strong></span> <span class='ocrx_word' id='word_1_274' title='bbox 448 2864 524 2920; x_wconf 79' lang='lat' dir='ltr'><strong>kann</strong></span> <span class='ocrx_word' id='word_1_275' title='bbox 552 2866 643 2921; x_wconf 90' lang='lat' dir='ltr'><strong>neben</strong></span> <span class='ocrx_word' id='word_1_276' title='bbox 665 2869 698 2920; x_wconf 82' lang='lat' dir='ltr'><strong>irc</strong></span> <span class='ocrx_word' id='word_1_277' title='bbox 715 2869 778 2936; x_wconf 78' lang='lat' dir='ltr'><strong>pri·</strong></span> <span class='ocrx_word' id='word_1_278' title='bbox 832 2869 911 2923; x_wconf 81' lang='lat' dir='ltr'><strong>vicus</strong></span> <span class='ocrx_word' id='word_1_279' title='bbox 943 2899 977 2909; x_wconf 92' lang='lat'>-</span> <span class='ocrx_word' id='word_1_280' title='bbox 1009 2870 1119 2935; x_wconf 78' lang='lat' dir='ltr'><strong>uestitu,</strong></span> <span class='ocrx_word' id='word_1_281' title='bbox 1151 2867 1393 2939; x_wconf 74' lang='lat' dir='ltr'><strong>sprfichwortlioh,</strong></span> 
     </span>
     <span class='ocr_line' id='line_1_30' title="bbox 214 2933 1393 3009; baseline 0.005 -22"><span class='ocrx_word' id='word_1_282' title='bbox 214 2935 290 2987; x_wconf 75' lang='lat' dir='ltr'><strong>stipa</strong></span> <span class='ocrx_word' id='word_1_283' title='bbox 303 2939 389 2988; x_wconf 73' lang='lat' dir='ltr'><strong>morte</strong></span> <span class='ocrx_word' id='word_1_284' title='bbox 407 2933 486 2990; x_wconf 86' lang='lat' dir='ltr'><strong>nicht</strong></span> <span class='ocrx_word' id='word_1_285' title='bbox 499 2937 655 3005; x_wconf 76' lang='lat' dir='ltr'><strong>gestenden</strong></span> <span class='ocrx_word' id='word_1_286' title='bbox 673 2937 778 3005; x_wconf 80' lang='lat' dir='ltr'><strong>heben3</strong></span> <span class='ocrx_word' id='word_1_287' title='bbox 832 2955 883 3008; x_wconf 89' lang='lat' dir='ltr'><strong>pro</strong></span> <span class='ocrx_word' id='word_1_288' title='bbox 903 2939 1014 3006; x_wconf 78' lang='lat' dir='ltr'><strong>Quinct,</strong></span> <span class='ocrx_word' id='word_1_289' title='bbox 1034 2945 1077 2994; x_wconf 84' lang='grc'><strong>49.</strong></span> <span class='ocrx_word' id='word_1_290' title='bbox 1097 2945 1143 3005; x_wconf 80' lang='grc' dir='ltr'><strong>5ος</strong></span> <span class='ocrx_word' id='word_1_291' title='bbox 1163 2939 1282 3009; x_wconf 89' lang='lat' dir='ltr'><strong>prudens</strong></span> <span class='ocrx_word' id='word_1_292' title='bbox 1301 2938 1393 2993; x_wconf 91' lang='lat' dir='ltr'><strong>sciens</strong></span> 
     </span>
     <span class='ocr_line' id='line_1_31' title="bbox 215 3003 1391 3078; baseline 0.006 -21"><span class='ocrx_word' id='word_1_293' title='bbox 215 3003 328 3058; x_wconf 88' lang='lat' dir='ltr'><strong>endlich</strong></span> <span class='ocrx_word' id='word_1_294' title='bbox 363 3004 402 3060; x_wconf 91' lang='lat' dir='ltr'><strong>ist</strong></span> <span class='ocrx_word' id='word_1_295' title='bbox 440 3019 502 3060; x_wconf 84' lang='lat' dir='ltr'><strong>cum</strong></span> <span class='ocrx_word' id='word_1_296' title='bbox 537 3007 651 3076; x_wconf 76' lang='lat' dir='ltr'><strong>reliquis</strong></span> <span class='ocrx_word' id='word_1_297' title='bbox 692 3009 779 3078; x_wconf 78' lang='lat' dir='ltr'><strong>copiis</strong></span> <span class='ocrx_word' id='word_1_298' title='bbox 832 3009 912 3064; x_wconf 83' lang='lat' dir='ltr'><strong>vivus</strong></span> <span class='ocrx_word' id='word_1_299' title='bbox 947 3011 1102 3078; x_wconf 85' lang='lat' dir='ltr'><strong>vidensque</strong></span> <span class='ocrx_word' id='word_1_300' title='bbox 1173 3025 1236 3077; x_wconf 89' lang='lat' dir='ltr'><strong>reo,</strong></span> <span class='ocrx_word' id='word_1_301' title='bbox 1276 3008 1391 3064; x_wconf 85' lang='lat' dir='ltr'><strong>Terent.</strong></span> 
     </span>
     <span class='ocr_line' id='line_1_32' title="bbox 215 3073 1394 3150; baseline 0.003 -20"><span class='ocrx_word' id='word_1_302' title='bbox 215 3074 262 3130; x_wconf 89' lang='lat' dir='ltr'><strong>bei</strong></span> <span class='ocrx_word' id='word_1_303' title='bbox 284 3073 315 3128; x_wconf 91' lang='lat' dir='ltr'><strong>in</strong></span> <span class='ocrx_word' id='word_1_304' title='bbox 334 3077 418 3146; x_wconf 78' lang='lat' dir='ltr'><strong>prist.</strong></span> <span class='ocrx_word' id='word_1_305' title='bbox 436 3081 523 3132; x_wconf 77' lang='lat' dir='ltr'><strong>mento</strong></span> <span class='ocrx_word' id='word_1_306' title='bbox 544 3079 647 3132; x_wconf 65' lang='lat' dir='ltr'><strong>manat</strong></span> <span class='ocrx_word' id='word_1_307' title='bbox 664 3077 778 3134; x_wconf 88' lang='lat' dir='ltr'><strong>sinnlos.</strong></span> <span class='ocrx_word' id='word_1_308' title='bbox 831 3079 902 3135; x_wconf 83' lang='lat' dir='ltr'><strong>Eun.</strong></span> <span class='ocrx_word' id='word_1_309' title='bbox 926 3085 960 3135; x_wconf 77' lang='lat'><strong>&#39;12</strong></span> <span class='ocrx_word' id='word_1_310' title='bbox 977 3085 982 3150; x_wconf 78' lang='grc' dir='ltr'>Ι</span> <span class='ocrx_word' id='word_1_311' title='bbox 997 3098 1031 3136; x_wconf 80' lang='lat' dir='ltr'><strong>ea</strong></span> <span class='ocrx_word' id='word_1_312' title='bbox 1055 3095 1118 3145; x_wconf 81' lang='lat' dir='ltr'><strong>cur,</strong></span> <span class='ocrx_word' id='word_1_313' title='bbox 1173 3094 1223 3133; x_wconf 86' lang='lat' dir='ltr'><strong>err.</strong></span> <span class='ocrx_word' id='word_1_314' title='bbox 1249 3084 1273 3144; x_wconf 82' lang='grc'>1,</span> <span class='ocrx_word' id='word_1_315' title='bbox 1297 3083 1330 3132; x_wconf 85' lang='grc'><strong>93</strong></span> <span class='ocrx_word' id='word_1_316' title='bbox 1355 3095 1394 3134; x_wconf 90' lang='lat' dir='ltr'><strong>en</strong></span> 
     </span>
     <span class='ocr_line' id='line_1_33' title="bbox 214 3147 1394 3218; baseline 0.005 -19"><span class='ocrx_word' id='word_1_317' title='bbox 214 3147 326 3212; x_wconf 80' lang='lat' dir='ltr'><strong>mansit,</strong></span> <span class='ocrx_word' id='word_1_318' title='bbox 360 3147 560 3218; x_wconf 80' lang='lat' dir='ltr'><strong>perseveravit.</strong></span> <span class='ocrx_word' id='word_1_319' title='bbox 591 3151 595 3216; x_wconf 91' lang='grc' dir='ltr'>Ι</span> <span class='ocrx_word' id='word_1_320' title='bbox 624 3149 774 3218; x_wconf 78' lang='lat' dir='ltr'><strong>supplicem</strong></span> <span class='ocrx_word' id='word_1_321' title='bbox 833 3149 1394 3217; x_wconf 78' lang='lat' dir='ltr'><strong>cuituosliberoscommittas35,124</strong></span> 
     </span>
     <span class='ocr_line' id='line_1_34' title="bbox 215 3217 1393 3290; baseline 0.005 -20"><span class='ocrx_word' id='word_1_322' title='bbox 215 3217 363 3284; x_wconf 55' lang='lat' dir='ltr'><strong>obedum,</strong></span> <span class='ocrx_word' id='word_1_323' title='bbox 394 3235 422 3287; x_wconf 86' lang='lat' dir='ltr'><strong>p.</strong></span> <span class='ocrx_word' id='word_1_324' title='bbox 447 3217 552 3273; x_wconf 88' lang='lat' dir='ltr'><strong>Milone</strong></span> <span class='ocrx_word' id='word_1_325' title='bbox 576 3224 628 3274; x_wconf 86' lang='lat'><strong>100</strong></span> <span class='ocrx_word' id='word_1_326' title='bbox 656 3237 709 3290; x_wconf 82' lang='lat' dir='ltr'><strong>ego</strong></span> <span class='ocrx_word' id='word_1_327' title='bbox 732 3237 777 3276; x_wconf 90' lang='lat' dir='ltr'><strong>me</strong></span> <span class='ocrx_word' id='word_1_328' title='bbox 832 3237 868 3275; x_wconf 91' lang='lat' dir='ltr'><strong>en</strong></span> <span class='ocrx_word' id='word_1_329' title='bbox 887 3221 963 3289; x_wconf 86' lang='lat' dir='ltr'><strong>quod</strong></span> <span class='ocrx_word' id='word_1_330' title='bbox 977 3219 1161 3289; x_wconf 78' lang='lat' dir='ltr'><strong>Tyndaritani</strong></span> <span class='ocrx_word' id='word_1_331' title='bbox 1176 3217 1297 3274; x_wconf 85' lang='lat' dir='ltr'><strong>libenter</strong></span> <span class='ocrx_word' id='word_1_332' title='bbox 1310 3235 1393 3290; x_wconf 88' lang='lat' dir='ltr'><strong>prae·</strong></span> 
     </span>
     <span class='ocr_line' id='line_1_35' title="bbox 216 3286 1393 3361; baseline 0.005 -22"><span class='ocrx_word' id='word_1_333' title='bbox 216 3286 344 3355; x_wconf 85' lang='lat' dir='ltr'><strong>plurimis</strong></span> <span class='ocrx_word' id='word_1_334' title='bbox 362 3305 414 3355; x_wconf 90' lang='lat' dir='ltr'><strong>pro</strong></span> <span class='ocrx_word' id='word_1_335' title='bbox 432 3289 462 3342; x_wconf 88' lang='lat' dir='ltr'><strong>te</strong></span> <span class='ocrx_word' id='word_1_336' title='bbox 481 3288 639 3358; x_wconf 83' lang='lat' dir='ltr'><strong>supplicem</strong></span> <span class='ocrx_word' id='word_1_337' title='bbox 657 3289 774 3361; x_wconf 70' lang='lat' dir='ltr'><strong>abiecit</strong></span> <span class='ocrx_word' id='word_1_338' title='bbox 831 3290 934 3345; x_wconf 90' lang='lat' dir='ltr'><strong>dicent.</strong></span> <span class='ocrx_word' id='word_1_339' title='bbox 980 3307 1014 3345; x_wconf 81' lang='lat' dir='ltr'><strong>err</strong></span> <span class='ocrx_word' id='word_1_340' title='bbox 1040 3290 1110 3345; x_wconf 78' lang='lat' dir='ltr'><strong>wird</strong></span> <span class='ocrx_word' id='word_1_341' title='bbox 1139 3291 1207 3345; x_wconf 87' lang='lat' dir='ltr'><strong>stete</strong></span> <span class='ocrx_word' id='word_1_342' title='bbox 1235 3290 1287 3344; x_wconf 89' lang='lat' dir='ltr'><strong>mit</strong></span> <span class='ocrx_word' id='word_1_343' title='bbox 1314 3290 1393 3346; x_wconf 89' lang='lat' dir='ltr'><strong>einer</strong></span> 
     </span>
     <span class='ocr_line' id='line_1_36' title="bbox 215 3357 1392 3432; baseline 0.005 -22"><span class='ocrx_word' id='word_1_344' title='bbox 215 3357 296 3410; x_wconf 68' lang='lat' dir='ltr'><strong>cenis</strong></span> <span class='ocrx_word' id='word_1_345' title='bbox 315 3357 396 3411; x_wconf 78' lang='lat' dir='ltr'><strong>retus</strong></span> <span class='ocrx_word' id='word_1_346' title='bbox 413 3358 493 3427; x_wconf 74' lang='lat' dir='ltr'><strong>irrep:</strong></span> <span class='ocrx_word' id='word_1_347' title='bbox 517 3375 548 3414; x_wconf 89' lang='lat' dir='ltr'><strong>er</strong></span> <span class='ocrx_word' id='word_1_348' title='bbox 570 3359 676 3414; x_wconf 87' lang='lat' dir='ltr'><strong>musste</strong></span> <span class='ocrx_word' id='word_1_349' title='bbox 695 3360 777 3416; x_wconf 90' lang='lat' dir='ltr'><strong>einen</strong></span> <span class='ocrx_word' id='word_1_350' title='bbox 830 3361 968 3431; x_wconf 84' lang='lat' dir='ltr'><strong>gewissen</strong></span> <span class='ocrx_word' id='word_1_351' title='bbox 999 3360 1151 3416; x_wconf 86' lang='lat' dir='ltr'><strong>Bitterkeit</strong></span> <span class='ocrx_word' id='word_1_352' title='bbox 1182 3363 1288 3432; x_wconf 78' lang='lat' dir='ltr'><strong>gesagt.</strong></span> <span class='ocrx_word' id='word_1_353' title='bbox 1312 3365 1318 3430; x_wconf 89' lang='grc' dir='ltr'>Ι</span> <span class='ocrx_word' id='word_1_354' title='bbox 1340 3362 1392 3418; x_wconf 82' lang='lat' dir='ltr'><strong>boc</strong></span> 
     </span>
     <span class='ocr_line' id='line_1_37' title="bbox 217 3426 1391 3502; baseline 0.006 -21"><span class='ocrx_word' id='word_1_355' title='bbox 217 3426 299 3481; x_wconf 88' lang='lat' dir='ltr'><strong>Theil</strong></span> <span class='ocrx_word' id='word_1_356' title='bbox 319 3443 373 3483; x_wconf 84' lang='lat' dir='ltr'><strong>von</strong></span> <span class='ocrx_word' id='word_1_357' title='bbox 387 3427 486 3497; x_wconf 81' lang='lat' dir='ltr'><strong>Syrien</strong></span> <span class='ocrx_word' id='word_1_358' title='bbox 502 3429 560 3483; x_wconf 90' lang='lat' dir='ltr'><strong>und</strong></span> <span class='ocrx_word' id='word_1_359' title='bbox 575 3427 777 3500; x_wconf 80' lang='lat' dir='ltr'><strong>Kappadocien</strong></span> <span class='ocrx_word' id='word_1_360' title='bbox 827 3432 940 3500; x_wconf 80' lang='lat' dir='ltr'><strong>prodito</strong></span> <span class='ocrx_word' id='word_1_361' title='bbox 958 3433 1090 3502; x_wconf 72' lang='lat' dir='ltr'><strong>comple,</strong></span> <span class='ocrx_word' id='word_1_362' title='bbox 1114 3433 1192 3488; x_wconf 90' lang='lat' dir='ltr'><strong>sonst</strong></span> <span class='ocrx_word' id='word_1_363' title='bbox 1214 3432 1286 3487; x_wconf 83' lang='lat' dir='ltr'><strong>auch</strong></span> <span class='ocrx_word' id='word_1_364' title='bbox 1307 3433 1391 3488; x_wconf 89' lang='lat' dir='ltr'><strong>edere</strong></span> 
     </span>
     <span class='ocr_line' id='line_1_38' title="bbox 217 3498 1390 3572; baseline 0.006 -20"><span class='ocrx_word' id='word_1_365' title='bbox 217 3498 364 3567; x_wconf 80' lang='lat' dir='ltr'><strong>ubtreten,</strong></span> <span class='ocrx_word' id='word_1_366' title='bbox 388 3499 492 3556; x_wconf 89' lang='lat' dir='ltr'><strong>ebenso</strong></span> <span class='ocrx_word' id='word_1_367' title='bbox 518 3500 690 3556; x_wconf 89' lang='lat' dir='ltr'><strong>Phoenicien</strong></span> <span class='ocrx_word' id='word_1_368' title='bbox 718 3503 776 3557; x_wconf 91' lang='lat' dir='ltr'><strong>und</strong></span> <span class='ocrx_word' id='word_1_369' title='bbox 831 3501 1002 3572; x_wconf 67' lang='lat' dir='ltr'><strong>exemplum</strong></span> <span class='ocrx_word' id='word_1_370' title='bbox 1021 3503 1074 3558; x_wconf 86' lang='lat' dir='ltr'><strong>wie</strong></span> <span class='ocrx_word' id='word_1_371' title='bbox 1090 3503 1152 3558; x_wconf 89' lang='lat' dir='ltr'><strong>hier</strong></span> <span class='ocrx_word' id='word_1_372' title='bbox 1188 3520 1220 3559; x_wconf 89' lang='lat' dir='ltr'><strong>ro</strong></span> <span class='ocrx_word' id='word_1_373' title='bbox 1239 3503 1340 3558; x_wconf 78' lang='lat' dir='ltr'><strong>Flacco</strong></span> <span class='ocrx_word' id='word_1_374' title='bbox 1355 3509 1390 3559; x_wconf 75' lang='lat'><strong>25</strong></span> 
     </span>
     <span class='ocr_line' id='line_1_39' title="bbox 216 3522 1390 3651; baseline 0.005 -29"><span class='ocrx_word' id='word_1_375' title='bbox 216 3567 354 3651; x_wconf 80' lang='lat' dir='ltr'><strong>Sophene,</strong></span> <span class='ocrx_word' id='word_1_376' title='bbox 373 3569 493 3626; x_wconf 85' lang='lat' dir='ltr'><strong>welches</strong></span> <span class='ocrx_word' id='word_1_377' title='bbox 501 3571 617 3627; x_wconf 84' lang='lat' dir='ltr'><strong>letztsre</strong></span> <span class='ocrx_word' id='word_1_378' title='bbox 628 3572 688 3627; x_wconf 87' lang='lat' dir='ltr'><strong>sein</strong></span> <span class='ocrx_word' id='word_1_379' title='bbox 698 3571 775 3628; x_wconf 91' lang='lat' dir='ltr'><strong>Sohn</strong></span> <span class='ocrx_word' id='word_1_380' title='bbox 829 3572 859 3627; x_wconf 91' lang='lat' dir='ltr'><strong>in</strong></span> <span class='ocrx_word' id='word_1_381' title='bbox 872 3573 927 3628; x_wconf 91' lang='lat' dir='ltr'><strong>hoc</strong></span> <span class='ocrx_word' id='word_1_382' title='bbox 937 3589 990 3644; x_wconf 80' lang='lat' dir='ltr'><strong>ego</strong></span> <span class='ocrx_word' id='word_1_383' title='bbox 1005 3589 1052 3629; x_wconf 91' lang='lat' dir='ltr'><strong>reo</strong></span> <span class='ocrx_word' id='word_1_384' title='bbox 1066 3591 1101 3629; x_wconf 92' lang='lat' dir='ltr'><strong>ne</strong></span> <span class='ocrx_word' id='word_1_385' title='bbox 1114 3522 1190 3644; x_wconf 75' lang='lat' dir='ltr'><strong>quod</strong></span> <span class='ocrx_word' id='word_1_386' title='bbox 1202 3573 1390 3644; x_wconf 87' lang='lat' dir='ltr'><strong>perniciosum</strong></span> 
     </span>
     <span class='ocr_line' id='line_1_40' title="bbox 216 3639 1387 3715; baseline 0.005 -22"><span class='ocrx_word' id='word_1_387' title='bbox 216 3639 323 3694; x_wconf 85' lang='lat' dir='ltr'><strong>erbrelt.</strong></span> <span class='ocrx_word' id='word_1_388' title='bbox 341 3642 345 3708; x_wconf 90' lang='grc'>1</span> <span class='ocrx_word' id='word_1_389' title='bbox 361 3642 776 3710; x_wconf 65' lang='lat' dir='ltr'><strong>conditurum—corubictcm</strong></span> <span class='ocrx_word' id='word_1_390' title='bbox 831 3642 988 3714; x_wconf 82' lang='lat' dir='ltr'><strong>exemplum</strong></span> <span class='ocrx_word' id='word_1_391' title='bbox 1026 3645 1142 3701; x_wconf 78' lang='lat' dir='ltr'><strong>rodatur</strong></span> <span class='ocrx_word' id='word_1_392' title='bbox 1159 3645 1387 3715; x_wconf 62' lang='lat' dir='ltr'><strong>pertimescam!</strong></span> 
     </span>
     <span class='ocr_line' id='line_1_41' title="bbox 216 3710 1390 3785; baseline 0.006 -22"><span class='ocrx_word' id='word_1_393' title='bbox 216 3711 290 3764; x_wconf 83' lang='lat' dir='ltr'><strong>stwa</strong></span> <span class='ocrx_word' id='word_1_394' title='bbox 310 3710 373 3764; x_wconf 86' lang='lat' dir='ltr'><strong>‘auf</strong></span> <span class='ocrx_word' id='word_1_395' title='bbox 388 3711 443 3767; x_wconf 90' lang='lat' dir='ltr'><strong>den</strong></span> <span class='ocrx_word' id='word_1_396' title='bbox 462 3711 557 3768; x_wconf 88' lang='lat' dir='ltr'><strong>Thron</strong></span> <span class='ocrx_word' id='word_1_397' title='bbox 575 3715 683 3784; x_wconf 79' lang='lat' dir='ltr'><strong>gesetzt</strong></span> <span class='ocrx_word' id='word_1_398' title='bbox 698 3745 731 3753; x_wconf 91' lang='lat'><em>-</em></span> <span class='ocrx_word' id='word_1_399' title='bbox 746 3714 776 3768; x_wconf 87' lang='lat' dir='ltr'><strong>in</strong></span> <span class='ocrx_word' id='word_1_400' title='bbox 829 3719 973 3782; x_wconf 74' lang='lat' dir='ltr'><strong>sescentas,</strong></span> <span class='ocrx_word' id='word_1_401' title='bbox 995 3731 1011 3769; x_wconf 93' lang='grc' dir='ltr'>ο</span> <span class='ocrx_word' id='word_1_402' title='bbox 1033 3715 1119 3770; x_wconf 81' lang='lat' dir='ltr'><strong>suber</strong></span> <span class='ocrx_word' id='word_1_403' title='bbox 1137 3715 1190 3770; x_wconf 91' lang='lat' dir='ltr'><strong>mit</strong></span> <span class='ocrx_word' id='word_1_404' title='bbox 1209 3713 1390 3785; x_wconf 85' lang='lat' dir='ltr'><strong>Verachtung</strong></span> 
     </span>
     <span class='ocr_line' id='line_1_42' title="bbox 216 3778 1388 3853; baseline 0.005 -19"><span class='ocrx_word' id='word_1_405' title='bbox 216 3779 271 3834; x_wconf 90' lang='lat' dir='ltr'><strong>den</strong></span> <span class='ocrx_word' id='word_1_406' title='bbox 289 3778 379 3836; x_wconf 86' lang='lat' dir='ltr'><strong>Bloch</strong></span> <span class='ocrx_word' id='word_1_407' title='bbox 397 3781 515 3853; x_wconf 77' lang='lat' dir='ltr'><strong>gelegt&#39;.</strong></span> <span class='ocrx_word' id='word_1_408' title='bbox 532 3786 536 3852; x_wconf 90' lang='grc' dir='ltr'>Ι</span> <span class='ocrx_word' id='word_1_409' title='bbox 830 3801 887 3841; x_wconf 85' lang='lat' dir='ltr'><strong>von</strong></span> <span class='ocrx_word' id='word_1_410' title='bbox 904 3786 969 3841; x_wconf 89' lang='lat' dir='ltr'><strong>dem</strong></span> <span class='ocrx_word' id='word_1_411' title='bbox 983 3785 1096 3842; x_wconf 86' lang='lat' dir='ltr'><strong>hlsinsn</strong></span> <span class='ocrx_word' id='word_1_412' title='bbox 1109 3785 1221 3841; x_wconf 83' lang='lat' dir='ltr'><strong>Haulen</strong></span> <span class='ocrx_word' id='word_1_413' title='bbox 1234 3785 1283 3841; x_wconf 91' lang='lat' dir='ltr'><strong>der</strong></span> <span class='ocrx_word' id='word_1_414' title='bbox 1297 3785 1388 3842; x_wconf 83' lang='lat' dir='ltr'><strong>clodi-</strong></span> 
     </span>
     <span class='ocr_line' id='line_1_43' title="bbox 251 3851 1389 3924; baseline 0.004 -19"><span class='ocrx_word' id='word_1_415' title='bbox 251 3852 277 3906; x_wconf 77' lang='lat' dir='ltr'><strong>is</strong></span> <span class='ocrx_word' id='word_1_416' title='bbox 296 3893 323 3906; x_wconf 91' lang='lat'><strong>..</strong></span> <span class='ocrx_word' id='word_1_417' title='bbox 344 3893 351 3906; x_wconf 92' lang='lat'><em>.</em></span> <span class='ocrx_word' id='word_1_418' title='bbox 370 3851 519 3919; x_wconf 65' lang='lat' dir='ltr'><strong>tuosve,</strong></span> <span class='ocrx_word' id='word_1_419' title='bbox 551 3854 695 3910; x_wconf 87' lang='lat' dir='ltr'><strong>unsichers</strong></span> <span class='ocrx_word' id='word_1_420' title='bbox 727 3854 776 3909; x_wconf 81' lang='lat' dir='ltr'><strong>Er·</strong></span> <span class='ocrx_word' id='word_1_421' title='bbox 831 3872 911 3924; x_wconf 86' lang='lat' dir='ltr'><strong>aner,</strong></span> <span class='ocrx_word' id='word_1_422' title='bbox 941 3857 999 3911; x_wconf 81' lang='lat' dir='ltr'><strong>‘ein</strong></span> <span class='ocrx_word' id='word_1_423' title='bbox 1041 3873 1089 3912; x_wconf 84' lang='lat' dir='ltr'><strong>aar</strong></span> <span class='ocrx_word' id='word_1_424' title='bbox 1111 3855 1261 3924; x_wconf 82' lang='lat' dir='ltr'><strong>Eundert’,</strong></span> <span class='ocrx_word' id='word_1_425' title='bbox 1285 3857 1334 3912; x_wconf 91' lang='lat' dir='ltr'><strong>der</strong></span> <span class='ocrx_word' id='word_1_426' title='bbox 1359 3873 1389 3911; x_wconf 87' lang='lat' dir='ltr'><strong>es</strong></span> 
     </span>
     <span class='ocr_line' id='line_1_44' title="bbox 162 3875 1389 3997; baseline 0.001 -17"><span class='ocrx_word' id='word_1_427' title='bbox 162 3932 196 3980; x_wconf 82' lang='lat'><strong>59</strong></span> <span class='ocrx_word' id='word_1_428' title='bbox 216 3927 346 3994; x_wconf 72' lang='lat' dir='ltr'><strong>genaung</strong></span> <span class='ocrx_word' id='word_1_429' title='bbox 377 3925 487 3978; x_wconf 82' lang='lat' dir='ltr'><strong>anststt</strong></span> <span class='ocrx_word' id='word_1_430' title='bbox 522 3924 572 3978; x_wconf 90' lang='lat' dir='ltr'><strong>des</strong></span> <span class='ocrx_word' id='word_1_431' title='bbox 606 3924 662 3980; x_wconf 87' lang='lat' dir='ltr'><strong>hsr.</strong></span> <span class='ocrx_word' id='word_1_432' title='bbox 700 3926 776 3995; x_wconf 89' lang='lat' dir='ltr'><strong>tulit,</strong></span> <span class='ocrx_word' id='word_1_433' title='bbox 831 3928 924 3997; x_wconf 79' lang='lat' dir='ltr'><strong>wagte</strong></span> <span class='ocrx_word' id='word_1_434' title='bbox 952 3943 988 3982; x_wconf 87' lang='lat' dir='ltr'><strong>en</strong></span> <span class='ocrx_word' id='word_1_435' title='bbox 1016 3875 1065 3981; x_wconf 77' lang='lat' dir='ltr'><strong>der</strong></span> <span class='ocrx_word' id='word_1_436' title='bbox 1092 3925 1180 3982; x_wconf 83' lang='lat' dir='ltr'><strong>Stella</strong></span> <span class='ocrx_word' id='word_1_437' title='bbox 1211 3927 1261 3981; x_wconf 88' lang='lat' dir='ltr'><strong>des</strong></span> <span class='ocrx_word' id='word_1_438' title='bbox 1283 3925 1389 3984; x_wconf 83' lang='lat' dir='ltr'><strong>Volhes</strong></span> 
     </span>
     <span class='ocr_line' id='line_1_45' title="bbox 216 3993 1390 4067; baseline 0.004 -20"><span class='ocrx_word' id='word_1_439' title='bbox 216 3993 314 4062; x_wconf 82' lang='lat' dir='ltr'><strong>gessit.</strong></span> <span class='ocrx_word' id='word_1_440' title='bbox 328 3993 450 4064; x_wconf 64' lang='lat' dir='ltr'><strong>stipetur</strong></span> <span class='ocrx_word' id='word_1_441' title='bbox 464 3993 573 4049; x_wconf 92' lang='lat' dir='ltr'><strong>scheint</strong></span> <span class='ocrx_word' id='word_1_442' title='bbox 585 3996 776 4067; x_wconf 80' lang='lat' dir='ltr'><strong>nothwendig,</strong></span> <span class='ocrx_word' id='word_1_443' title='bbox 832 3996 926 4052; x_wconf 87' lang='lat' dir='ltr'><strong>solche</strong></span> <span class='ocrx_word' id='word_1_444' title='bbox 945 3996 1109 4052; x_wconf 76' lang='lat' dir='ltr'><strong>Beechlhsss</strong></span> <span class='ocrx_word' id='word_1_445' title='bbox 1127 4015 1161 4052; x_wconf 83' lang='lat' dir='ltr'><strong>su</strong></span> <span class='ocrx_word' id='word_1_446' title='bbox 1184 3997 1288 4066; x_wconf 70' lang='lat' dir='ltr'><strong>famem</strong></span> <span class='ocrx_word' id='word_1_447' title='bbox 1312 4000 1390 4052; x_wconf 83' lang='lat' dir='ltr'><strong>sonet</strong></span> 
     </span>
     <span class='ocr_line' id='line_1_46' title="bbox 216 4063 1390 4137; baseline 0.004 -21"><span class='ocrx_word' id='word_1_448' title='bbox 216 4063 254 4118; x_wconf 87' lang='lat' dir='ltr'><strong>da</strong></span> <span class='ocrx_word' id='word_1_449' title='bbox 281 4065 332 4119; x_wconf 84' lang='lat' dir='ltr'><strong>das</strong></span> <span class='ocrx_word' id='word_1_450' title='bbox 359 4081 415 4120; x_wconf 88' lang='lat' dir='ltr'><strong>von</strong></span> <span class='ocrx_word' id='word_1_451' title='bbox 442 4064 578 4136; x_wconf 82' lang='lat' dir='ltr'><strong>Tigranes</strong></span> <span class='ocrx_word' id='word_1_452' title='bbox 602 4069 777 4137; x_wconf 80' lang='lat' dir='ltr'><strong>Ausgesegte</strong></span> <span class='ocrx_word' id='word_1_453' title='bbox 831 4067 993 4122; x_wconf 85' lang='lat' dir='ltr'><strong>bezeichnet</strong></span> <span class='ocrx_word' id='word_1_454' title='bbox 1037 4070 1149 4123; x_wconf 72' lang='lat' dir='ltr'><strong>ruenti</strong></span> <span class='ocrx_word' id='word_1_455' title='bbox 1192 4068 1255 4124; x_wconf 87' lang='lat' dir='ltr'><strong>sine</strong></span> <span class='ocrx_word' id='word_1_456' title='bbox 1303 4065 1390 4122; x_wconf 84' lang='lat' dir='ltr'><strong>unbe-</strong></span> 
     </span>
     <span class='ocr_line' id='line_1_47' title="bbox 215 4134 1389 4209; baseline 0.004 -22"><span class='ocrx_word' id='word_1_457' title='bbox 215 4134 320 4189; x_wconf 82' lang='lat' dir='ltr'><strong>wieder</strong></span> <span class='ocrx_word' id='word_1_458' title='bbox 343 4135 560 4208; x_wconf 76' lang='lat' dir='ltr'><strong>ausgenommen</strong></span> <span class='ocrx_word' id='word_1_459' title='bbox 586 4138 643 4191; x_wconf 89' lang='lat' dir='ltr'><strong>und</strong></span> <span class='ocrx_word' id='word_1_460' title='bbox 671 4153 778 4192; x_wconf 84' lang='lat' dir='ltr'><strong>zusam-</strong></span> <span class='ocrx_word' id='word_1_461' title='bbox 832 4138 958 4194; x_wconf 89' lang='lat' dir='ltr'><strong>stimmte</strong></span> <span class='ocrx_word' id='word_1_462' title='bbox 980 4154 1097 4209; x_wconf 77' lang='lat' dir='ltr'><strong>grosse</strong></span> <span class='ocrx_word' id='word_1_463' title='bbox 1116 4139 1239 4194; x_wconf 79' lang='lat' dir='ltr'><strong>hnrahl:</strong></span> <span class='ocrx_word' id='word_1_464' title='bbox 1266 4138 1389 4194; x_wconf 83' lang='lat' dir='ltr'><strong>weshalb</strong></span> 
     </span>
     <span class='ocr_line' id='line_1_48' title="bbox 214 4205 1391 4352; baseline 0.001 -91"><span class='ocrx_word' id='word_1_465' title='bbox 214 4205 491 4331; x_wconf 47' lang='lat' dir='ltr'><strong>hildeldhdllrd&#39;</strong></span> <span class='ocrx_word' id='word_1_466' title='bbox 509 4277 516 4290; x_wconf 91' lang='lat'><strong>.</strong></span> <span class='ocrx_word' id='word_1_467' title='bbox 533 4205 778 4332; x_wconf 53' lang='lat' dir='ltr'><strong>ffitProffimine</strong></span> <span class='ocrx_word' id='word_1_468' title='bbox 831 4209 1391 4352; x_wconf 51' lang='lat' dir='ltr'><strong>{³⁰⁰h.⁶,2⁰,{¹;⁸glg²1,³la⁸⁰m⁸l⁰m¹¹lhel</strong></span> 
     </span>
     <span class='ocr_line' id='line_1_49' title="bbox 292 4295 1058 4336; baseline 0.007 -5"><span class='ocrx_word' id='word_1_469' title='bbox 292 4295 311 4330; x_wconf 92' lang='grc' dir='ltr'><strong>ιι</strong></span> <span class='ocrx_word' id='word_1_470' title='bbox 445 4296 537 4332; x_wconf 86' lang='lat' dir='ltr'><strong>umrn</strong></span> <span class='ocrx_word' id='word_1_471' title='bbox 581 4295 657 4332; x_wconf 87' lang='lat' dir='ltr'><strong>run</strong></span> <span class='ocrx_word' id='word_1_472' title='bbox 702 4295 777 4335; x_wconf 82' lang='lat' dir='ltr'><strong>sces-</strong></span> <span class='ocrx_word' id='word_1_473' title='bbox 843 4295 922 4335; x_wconf 84' lang='lat' dir='ltr'><strong>coner</strong></span> <span class='ocrx_word' id='word_1_474' title='bbox 1053 4325 1058 4336; x_wconf 90' lang='lat'>.</span> 
     </span>
     <span class='ocr_line' id='line_1_50' title="bbox 215 4345 1442 4420; baseline -0.001 -20"><span class='ocrx_word' id='word_1_475' title='bbox 215 4345 284 4401; x_wconf 83' lang='lat' dir='ltr'><strong>sivit</strong></span> <span class='ocrx_word' id='word_1_476' title='bbox 315 4345 368 4401; x_wconf 81' lang='lat' dir='ltr'><strong>wis</strong></span> <span class='ocrx_word' id='word_1_477' title='bbox 395 4346 434 4401; x_wconf 90' lang='lat' dir='ltr'><strong>im</strong></span> <span class='ocrx_word' id='word_1_478' title='bbox 461 4347 623 4420; x_wconf 77' lang='lat' dir='ltr'><strong>Folgsnden</strong></span> <span class='ocrx_word' id='word_1_479' title='bbox 653 4349 701 4405; x_wconf 91' lang='lat' dir='ltr'><strong>bei</strong></span> <span class='ocrx_word' id='word_1_480' title='bbox 728 4349 778 4420; x_wconf 86' lang='lat' dir='ltr'><strong>qui</strong></span> <span class='ocrx_word' id='word_1_481' title='bbox 869 4351 936 4406; x_wconf 81' lang='lat' dir='ltr'><strong>Octo</strong></span> <span class='ocrx_word' id='word_1_482' title='bbox 955 4351 1049 4407; x_wconf 84' lang='lat' dir='ltr'><strong>wurde</strong></span> <span class='ocrx_word' id='word_1_483' title='bbox 1072 4349 1126 4406; x_wconf 90' lang='lat' dir='ltr'><strong>mit</strong></span> <span class='ocrx_word' id='word_1_484' title='bbox 1148 4350 1198 4405; x_wconf 88' lang='lat' dir='ltr'><strong>der</strong></span> <span class='ocrx_word' id='word_1_485' title='bbox 1215 4348 1390 4420; x_wconf 72' lang='lat' dir='ltr'><strong>Tinziehung</strong></span> <span class='ocrx_word' id='word_1_486' title='bbox 1408 4351 1442 4400; x_wconf 81' lang='grc'><strong>60</strong></span> 
     </span>
     <span class='ocr_line' id='line_1_51' title="bbox 216 4415 1390 4490; baseline 0.003 -20"><span class='ocrx_word' id='word_1_487' title='bbox 216 4415 355 4487; x_wconf 84' lang='lat' dir='ltr'><strong>conflixit,</strong></span> <span class='ocrx_word' id='word_1_488' title='bbox 383 4418 432 4486; x_wconf 90' lang='lat' dir='ltr'><strong>qui</strong></span> <span class='ocrx_word' id='word_1_489' title='bbox 463 4419 544 4490; x_wconf 77' lang='lat' dir='ltr'><strong>signs</strong></span> <span class='ocrx_word' id='word_1_490' title='bbox 571 4419 698 4476; x_wconf 86' lang='lat' dir='ltr'><strong>contulit.</strong></span> <span class='ocrx_word' id='word_1_491' title='bbox 719 4424 724 4490; x_wconf 91' lang='grc' dir='ltr'>Ι</span> <span class='ocrx_word' id='word_1_492' title='bbox 744 4422 778 4476; x_wconf 85' lang='lat' dir='ltr'><strong>de</strong></span> <span class='ocrx_word' id='word_1_493' title='bbox 832 4422 881 4478; x_wconf 88' lang='lat' dir='ltr'><strong>des</strong></span> <span class='ocrx_word' id='word_1_494' title='bbox 899 4421 1009 4478; x_wconf 83' lang='lat' dir='ltr'><strong>Laudes</strong></span> <span class='ocrx_word' id='word_1_495' title='bbox 1027 4421 1197 4490; x_wconf 78' lang='lat' dir='ltr'><strong>bsauitregt.</strong></span> <span class='ocrx_word' id='word_1_496' title='bbox 1229 4419 1280 4475; x_wconf 91' lang='lat' dir='ltr'><strong>Bei</strong></span> <span class='ocrx_word' id='word_1_497' title='bbox 1298 4419 1390 4474; x_wconf 86' lang='lat' dir='ltr'><strong>seiner</strong></span> 
     </span>
    </p>
   </div>
   <div class='ocr_carea' id='block_1_5' title="bbox 0 0 1521 4876">
    <p class='ocr_par' dir='ltr' id='par_1_5' title="bbox 0 0 1521 4876">
     <span class='ocr_line' id='line_1_52' title="bbox 0 0 1521 4876; baseline 0 0"><span class='ocrx_word' id='word_1_498' title='bbox 0 0 1521 4876; x_wconf 95' lang='lat' dir='ltr'><strong> </strong></span> 
     </span>
    </p>
   </div>
  </div>
 </body>
</html>
