3026 4876
422 267 493 322 PRO
512 268 543 322 P.
563 265 690 322 SESTIO
711 265 846 322 ORATIO
866 271 979 323 74-77.
1248 268 1292 334 49

119 428 269 493 occidunt
298 428 487 513 nonnullos,
519 431 691 494 vulnerant
724 430 851 494 multos.
898 431 1080 495 venientem
1115 431 1150 495 in
1183 433 1292 498 forum
1311 450 1347 500 76

118 517 223 582 virum
256 517 417 602 optimum
449 520 481 581 et
514 517 824 601 constantissimum,
857 517 900 583 M.
933 516 1094 604 Oispium,
1126 520 1294 586 tribunum

118 604 233 688 plebis,
256 605 289 669 vi
312 605 491 691 depellunt3
515 606 644 670 caedem
667 607 703 671 in
720 606 792 672 foro
811 607 987 672 maximam
1009 608 1145 693 faciunt3
1168 611 1294 674 univer-

120 693 211 778 sique
243 693 403 758 destrictis
436 694 552 780 gladiis
581 698 615 759 εὴ
642 695 784 759 cruentis
812 695 846 760 in
874 696 1025 762 omnibus
1052 696 1115 761 fori
1145 698 1292 780 partibus

91 782 254 846 5iratrem
286 803 406 861 meum,
438 783 543 847 virum
576 784 748 867 optimum,
779 784 993 849 fortissimum
1025 785 1151 869 meique
1183 807 1293 851 aman-

119 870 292 954 tissimum,
315 869 416 936 oculis
436 871 643 956 quaerebant,
666 893 744 936 voce
766 872 959 956 poscebant:
984 893 1121 957 quorum
1139 872 1194 936 ille
1216 875 1291 939 telis

118 957 258 1022 libenter
284 959 318 1023 in
347 961 439 1023 tanto
468 960 557 1024 luctu
584 981 623 1024 ac
646 959 803 1025 desiderio
830 961 895 1024 mei
917 981 984 1024 non
1012 961 1215 1046 repugnandi
1238 963 1294 1026 sed

120 1046 278 1110 moriendi
306 1069 404 1112 causa
431 1069 547 1131 corpus
576 1047 747 1112 obtulisset
775 1068 882 1132 suum,
907 1049 971 1112 nisi
1003 1067 1095 1113 suam
1122 1049 1223 1113 vitam
1254 1050 1294 1114 ad

121 1155 211 1218 spem
234 1135 298 1199 mei
321 1135 442 1200 reditus
457 1139 661 1205 reservasset.
706 1136 807 1200 subiit
819 1140 929 1201 tamen
941 1137 1008 1200 rim
1021 1137 1112 1201 illam
1136 1137 1294 1203 nefariam

76 1238 106 1278 10
120 1224 412 1289 consceleratorum
435 1224 598 1288 latronum
622 1227 664 1309 et,
686 1245 759 1288 oum
783 1225 824 1290 ad
846 1225 956 1289 fratris
980 1227 1117 1290 salutern
1136 1248 1155 1290 a
1172 1226 1293 1310 populo

119 1310 268 1376 Romano
303 1311 538 1396 deprecandam
569 1313 725 1396 venisset,
757 1313 869 1397 pulsus
903 1335 920 1378 e
952 1314 1067 1379 rostris
1099 1314 1134 1378 in
1162 1315 1294 1380 comitio

119 1400 221 1464 iacuit
234 1419 331 1485 seque
346 1421 512 1465 serrorum
535 1404 568 1465 et
581 1401 772 1466 libertorum
791 1402 978 1486 corporibus
994 1402 1118 1466 obtexit
1130 1403 1293 1487 vitamque

119 1491 189 1551 tum
213 1511 306 1553 suam
333 1489 439 1554 noctis
463 1491 495 1553 et
521 1489 618 1574 fugae
640 1489 815 1573 praesidio,
842 1512 909 1556 non
938 1491 1016 1554 iuris
1040 1490 1293 1575 iudiciorumque

120 1575 270 1642 defendit.
316 1578 508 1642 meministis
531 1581 615 1660 tum,
639 1578 772 1662 iudices,
797 1578 984 1662 corporibus
1009 1579 1127 1644 civium
1150 1573 1292 1643 Tiberim
1313 1599 1346 1647 rr

75 1679 105 1718 15
120 1665 287 1748 compleri,
315 1666 442 1732 cloacas
464 1666 623 1750 resarciri,
652 1666 764 1731 e'foro
788 1667 931 1752 spongiis
959 1665 1071 1752 effingi
1093 1667 1293 1752 sanguinem,

119 1756 157 1817 ut
179 1774 291 1818 omnes
315 1757 442 1818 tantam
465 1754 557 1818 illam
577 1754 704 1838 copiam
727 1758 759 1818 et
781 1758 850 1818 tam
870 1755 1078 1838 magnificum
1102 1759 1293 1838 apparatum

119 1863 186 1906 non
209 1841 369 1925 privatum
400 1844 456 1906 aut
478 1841 648 1926 plebeium,
672 1841 727 1906 sed
750 1843 922 1930 patricium
947 1845 979 1907 et
1000 1844 1199 1926 praetorium
1222 1865 1293 1908 esse

120 1929 364 1995 arbitrarentur.
413 1930 495 1994 nihil
522 1951 625 2016 neque
654 1936 730 1995 ante
756 1931 819 1996 hoe
845 1935 973 2016 tempus
1002 1952 1106 2014 neque
1133 1931 1196 1996 hoc
1222 1931 1294 2016 ipso
1309 1943 1348 2000 36
1378 1995 1379 1998 ,

118 2018 399 2084 turbulentissimo
427 2018 478 2084 die
508 2019 723 2084 criminamini
752 2017 902 2085 Sestium.
948 2019 1049 2104 ‘atqui
1080 2019 1131 2085 ris
1159 2020 1193 2083 in
1221 2020 1293 2085 foro

11 2137 12 2172 ι
75 2120 106 2160 2⁰
119 2111 249 2172 versata
267 2105 337 2172 est'
379 2111 477 2172 certe:
503 2108 631 2192 quando
652 2109 738 2180 enim
757 2108 881 2174 maior?
904 2108 1120 2192 lapidationes
1139 2129 1294 2192 persaepe

119 2195 271 2280 vidimus3
303 2218 371 2261 non
403 2197 450 2260 ita
483 2218 591 2281 saepe,
627 2196 683 2262 sed
715 2196 853 2260 nimium
884 2200 994 2261 tamen
1025 2217 1121 2280 saepe
1154 2193 1293 2282 gladios3

120 2283 250 2348 caedem
273 2305 348 2350 vero
372 2287 512 2368 tantam,
534 2287 645 2348 tantos
669 2306 800 2350 acervos
825 2307 994 2370 corporum
1013 2287 1206 2367 exstructos,
1229 2285 1293 2350 nisi

119 2371 203 2436 forte
226 2371 282 2436 illo
307 2369 455 2439 Cinnano
480 2376 576 2458 atque
600 2372 778 2438 Octaviano
802 2373 868 2458 die,
894 2374 965 2458 quis
989 2396 1143 2458 umquam
1165 2374 1200 2437 in
1220 2373 1293 2438 foro

120 2459 224 2524 vidit?
254 2483 317 2544 qua
345 2482 385 2526 ex
407 2461 623 2527 concitatione
647 2462 852 2527 animorum?
879 2484 956 2527 nam
980 2484 1018 2526 ex
1041 2461 1220 2546 pertinacia
1242 2463 1294 2526 rel

77 2557 106 2599 25
121 2549 305 2613 constantia
322 2549 547 2615 intercessoris
567 2550 671 2614 oritur
689 2571 785 2634 saepe
804 2550 929 2634 seditio,
948 2551 1042 2634 culpa
1061 2553 1156 2636 atque
1175 2551 1293 2635 impro-

120 2636 222 2700 bitate
244 2637 356 2702 latoris
372 2638 540 2704 commodo
556 2639 664 2722 aliquo
678 2639 836 2723 imperitis
851 2642 908 2702 aut
921 2638 1095 2724 largitione
1112 2635 1293 2722 proposita3

13 2723 15 2732 ’
120 2725 222 2790 oritur
236 2747 274 2790 ex
298 2727 533 2792 concertatione
547 2727 812 2812 magistratuum
836 2727 939 2790 oritur
958 2727 1078 2790 sensim
1093 2747 1131 2790 ex
1154 2727 1293 2791 clamore

120 2915 321 2986 grammatiseh
357 2916 421 2970 dem
465 2917 519 2986 adj.
565 2919 681 2972 armatis
734 2915 861 2972 zeichnet
878 2916 948 2970 wird
967 2917 1050 2986 (116),
1074 2917 1150 2972 steht
1167 2917 1229 2971 hier
1246 2917 1294 2972 ab·

118 2985 245 3056 parallel.
266 2985 414 3056 operisque
433 2985 605 3042 Gulielmius.
625 2989 679 3056 (59.
734 2987 865 3043 sichtlich
893 2985 947 3041 mit
969 2988 1143 3057 Anspielung
1170 2987 1221 3042 auf
1240 2987 1295 3043 den

121 3062 164 3111 65.
185 3062 244 3112 106.
265 3059 336 3125 127.)
734 3057 842 3140 Appius
860 3057 992 3114 Claudius
1010 3058 1141 3126 Pulcher,
1159 3058 1223 3127 der,
1242 3058 1294 3112 Pa·

64 3123 101 3173 76
156 3130 284 3183 moeniis
312 3127 364 3182 Die
378 3127 549 3184 rhetor-ische
564 3128 680 3184 Concin·
733 3129 830 3183 tncier
847 3128 905 3182 und
929 3128 958 3182 in
977 3127 1083 3182 diesem
1100 3128 1169 3182 Jahr
1186 3128 1295 3197 Pretor,

119 3198 194 3253 nitet
221 3199 330 3254 scheint
355 3217 388 3253 zu
420 3200 584 3270 verlangen,
617 3200 681 3254 dass
735 3199 780 3254 die
794 3197 985 3267 Gladiatoren,
999 3197 1045 3253 die
1060 3215 1090 3261 er
1103 3199 1148 3252 fiir
1161 3198 1294 3254 Leichcn·

120 3270 193 3323 nach
220 3285 257 3323 cr.
287 3269 415 3324 manibus
445 3272 553 3340 gesetzt
579 3271 680 3340 werde,
735 3269 822 3340 epiele
837 3269 914 3323 eines
928 3269 1115 3324 Verwandten
1128 3269 1295 3325 verwenden

120 3357 178 3393 was
207 3356 257 3394 vor
284 3341 316 3393 ia
343 3341 468 3395 munitae
499 3341 586 3396 leicht
617 3357 680 3395 ans·
734 3341 845 3407 welhe,
864 3340 928 3394 dern
947 3339 1060 3395 Clodius
1079 3341 1199 3411 gebcrgt
1216 3341 1295 3396 hatte

119 3410 207 3463 fallen
221 3410 339 3474 kennte3
359 3427 410 3480 pro
424 3411 484 3465 Mil.
499 3418 531 3465 21
551 3412 680 3480 quotiens
735 3414 804 3481 (85);
818 3411 987 3480 dagegen78
997 3411 1108 3465 werden
1124 3411 1169 3465 die
1179 3411 1203 3465 ei
1225 3429 1295 3466 enen

121 3495 173 3549 ego
196 3479 256 3549 ipsc
280 3497 313 3534 ex
335 3480 366 3536 P.
390 3481 481 3536 Clodii
507 3481 572 3536 telis
595 3484 625 3537 et
648 3499 680 3538 ex
735 3481 916 3537 Gladiatoren
933 3482 982 3535 des
1001 3481 1114 3536 Clodius
1133 3429 1290 3551 maluti

121 3549 241 3605 cruentis
271 3550 331 3605 eius
363 3550 491 3605 manibus
519 3551 573 3606 effu
597 3552 617 3619 ’ς
645 3559 679 3608 43
734 3554 857 3607 nibil-
882 3553 1070 3606 criminamini
1093 3551 1223 3617 Sestium,
1246 3569 1295 3622 ge-

119 3621 189 3676 Milo
221 3621 343 3676 cruentis
376 3620 504 3677 manibus
536 3638 624 3678 scens
652 3626 682 3678 et
734 3623 877 3693 drungene
894 3622 1015 3691 ngung
1035 3622 1081 3674 fiir
1102 3621 1206 3677 nullius
1228 3621 1295 3676 faci·

91 3713 94 3720 ⁴
119 3691 227 3748 fannus
244 3708 312 3762 prae
330 3708 359 3748 se
378 3691 479 3749 ferens.
500 3695 504 3762 Ι
526 3709 601 3760 occe,
618 3693 681 3748 hier
734 3694 809 3747 noris
822 3708 913 3760 neque
927 3693 992 3746 ante
1010 3692 1064 3746 hoc
1077 3695 1189 3762 tempus
1203 3710 1293 3762 neque

122 3763 187 3819 ‘mit
196 3762 350 3819 Geschrci’.
367 3767 371 3833 l
385 3769 534 3833 poscerent,
551 3769 585 3819 46
595 3764 679 3833 depo·
733 3764 788 3818 hoc
806 3763 851 3816 die
866 3761 1006 3816 commissi
1025 3763 1143 3832 arguitis
1158 3763 1294 3827 Sestium

120 3836 235 3888 scerent.
253 3835 257 3904 1
273 3835 360 3890 subiit
378 3840 477 3901 tamea,
494 3835 606 3889 becieht
620 3834 680 3888 sich
733 3833 933 3888 ehnlich'l'usc.
946 3839 969 3900 1,
981 3838 1031 3887 102
1042 3832 1170 3888 Socrates
1180 3831 1295 3902 quidem

119 3904 171 3958 aui
185 3905 239 3958 den
257 3905 296 3959 im
314 3907 429 3976 vorigen
449 3905 514 3961 Satn
532 3903 680 3975 liegenden
734 3903 803 3973 quid
826 3902 942 3958 senserit
969 3906 1086 3972 apparet
1112 3904 1141 3958 in
1166 3919 1199 3958 ec
1222 3903 1295 3959 libre

121 3973 286 4056 Gedanlren,
304 3977 367 4059 dass
386 3991 416 4030 er
434 3976 604 4046 sich'jenem
623 3977 680 4029 An·
733 3974 764 4028 in
787 3989 843 4042 quo
868 3973 1018 4057 mpritunl
1039 3977 1088 4028 illo
1110 3976 1166 4058 die,
1195 3975 1236 4029 als
1259 3979 1293 4029 87

120 4043 440 4186 abarana
455 4047 679 4187 arthiae·
734 4037 1295 4197 ermanaricus

121 4190 253 4242 texeram.
270 4197 274 4255 1
734 4203 815 4242 wenn
829 4186 866 4241 du
878 4185 973 4255 wrllst,
987 4187 1036 4240 der
1045 4185 1293 4257 Stendheltigkcit.

69 4269 101 4318 ’Π
156 4259 319 4327 magnificus
351 4263 517 4326 apparatae,
548 4258 679 4314 wodurch
734 4257 791 4312 Das
809 4258 865 4312 har.
885 4256 1048 4312 antistans
1062 4256 1296 4328 derAblriirzung
1354 4321 1358 4331 ,

121 4331 197 4384 sonet
206 4343 275 4397 gem
284 4327 329 4384 dia
338 4329 485 4453 prtchtipe
494 4331 682 4400 Anastattung
734 4330 780 4383 fdr
794 4329 840 4383 vel
859 4329 912 4397 (ut)
926 4346 952 4383 u.
968 4327 1032 4383 dem
1046 4343 1064 4382 a
1077 4344 1128 4383 vor
1140 4328 1297 4398 pertinacia

120 4415 177 4454 von
202 4399 372 4455 Mahlaeiten
404 4415 441 4452 un
488 4399 601 4469 Spielen
633 4400 680 4456 be·
735 4399 908 4456 entstanden.
927 4399 931 4466 Ι
943 4399 1088 4469 proposito
1105 4399 1178 4458 fehlt
1192 4399 1222 4453 in
1241 4399 1297 4452 den

175 4498 256 4538 Koch
270 4508 292 4537 u.
307 4497 468 4549 Eberhard,
484 4495 574 4540 cicero·
588 4498 649 4538 Rode
664 4498 702 4538 fssr
715 4498 738 4539 P.
755 4496 847 4539 Scottus.
1065 4494 1082 4542 4
