3026 4876
236 265 281 330 48
633 262 670 320 ιι.
690 261 814 318 rursu
833 260 1026 318 cressonis

237 428 387 513 populari
402 426 618 492 concitatione
642 425 842 510 defungerer,
865 443 995 487 censere
1018 425 1055 486 ut
1069 423 1109 486 ad
1128 425 1260 488 senatus
1275 423 1427 487 auctori-

237 521 339 581 tatem
358 515 470 599 populi
489 535 615 599 quoque
634 512 773 578 Romani
796 511 986 576 beneficium
1005 531 1082 596 erga
1105 532 1158 574 me
1176 510 1425 595 adiungeretur.

238 626 312 669 cum
340 623 451 668 omnes
479 603 628 667 certatim
651 601 797 684 aliusque
824 600 890 664 alio
918 599 1049 684 gravius
1078 602 1175 684 atque
1204 599 1357 664 ornatius
1375 599 1425 662 -de

239 713 312 756 mea
348 692 451 757 salute
488 691 622 756 dixisset
657 690 812 773 fieretque
848 688 917 751 sine
952 687 1019 752 ulla
1054 688 1213 752 uarietate
1250 686 1425 769 discessio,

239 780 389 865 surrexit,
417 784 454 844 ut
477 779 580 863 scitis,
607 778 728 842 Atilius
755 776 810 841 hic
833 775 1013 859 Gauianus,
1041 797 1100 840 nec
1129 796 1227 841 ausus
1250 777 1313 857 est,
1344 792 1449 840 cums

239 871 325 932 es'set
334 872 470 953 emptus,
479 866 691 932 intercedere:
705 868 835 930 noctem
850 865 911 929 sibi
921 864 963 929 ad
973 863 1217 929 deliberandum
1226 864 1425 948 postulavit.

239 957 360 1021 clamor
380 960 522 1039 senatus,
546 955 715 1040 querellae,
737 975 859 1037 preces,
883 973 974 1017 socer
993 951 1034 1017 ad
1056 952 1154 1036 pedes
1178 953 1337 1016 abiectus:
1365 953 1425 1016 ille

239 1066 273 1109 se
288 1045 457 1110 adfirmare
470 1047 601 1129 postero
616 1043 668 1106 die
681 1064 806 1107 moram
828 1041 952 1106 nullam
965 1061 1036 1106 esse
1049 1040 1220 1105 facturum.
1257 1040 1425 1105 creditum

239 1136 297 1217 est,
320 1132 496 1197 discessum
519 1135 577 1196 est.
610 1131 659 1196 illi
681 1131 806 1195 interea
829 1129 1035 1195 deliberatori
1055 1150 1178 1193 merces
1199 1129 1299 1214 longa
1317 1127 1424 1194 inter-

238 1213 346 1304 posit'a
360 1219 455 1285 nocte
469 1220 633 1304 duplicata
647 1223 705 1283 est.
748 1218 912 1284 consecuti
926 1217 992 1282 dies
1006 1217 1101 1301 pauci
1115 1216 1246 1282 omnino
1259 1216 1423 1282 Ianuario
1438 1233 1459 1270 1⁰

187 1342 225 1399 35
239 1330 348 1372 mense
372 1329 430 1392 per
444 1330 525 1394 quos
549 1311 697 1373 senatum
720 1307 834 1372 haberi
856 1306 980 1387 liceret3
1004 1305 1060 1370 sed
1082 1308 1194 1369 tamen
1210 1309 1316 1370 actum
1330 1305 1424 1369 nihil

186 1431 219 1482 ‘15
239 1396 303 1461 nisi
325 1396 365 1461 de
387 1417 447 1462 me.
493 1419 567 1461 cum
594 1397 682 1460 omni
705 1417 809 1479 mora,
837 1393 1068 1477 ludificatione,
1095 1394 1258 1458 calumnia
1281 1399 1422 1459 senatus

240 1485 415 1549 auctoritas
438 1483 659 1568 impediretur,
680 1483 771 1549 venit
791 1482 923 1547 tandem
945 1483 980 1546 in
998 1482 1135 1547 concilio
1159 1482 1197 1546 de
1220 1503 1271 1546 me
1295 1481 1423 1568 agendi

240 1573 307 1637 dies
335 1585 398 1636 vm
421 1571 585 1637 Kalendas
615 1571 817 1636 Februarias.
861 1571 1011 1655 princeps
1034 1570 1229 1656 rogationis,
1255 1571 1305 1635 rir
1332 1570 1421 1634 mihi

239 1655 467 1745 amicissimus,
504 1659 541 1736 Q.
576 1659 758 1745 Fabricius,
798 1659 955 1743 templum
992 1659 1159 1745 aliquanto
1186 1662 1272 1730 ,ante
1307 1660 1420 1724 lucem
1435 1674 1456 1713 1⁵

239 1749 416 1831 occupavit.
463 1749 591 1832 quietus
610 1770 648 1813 eo
672 1749 723 1813 die
743 1747 875 1833 Sestius,
897 1749 926 1812 is
950 1748 1074 1832 quiesi
1096 1748 1136 1820 da
1158 1748 1190 1811 vi
1211 1769 1298 1830 reus;
1322 1752 1421 1812 actor

238 1835 291 1900 hic
305 1835 518 1922 defensorque
532 1858 648 1902 causae
662 1857 753 1903 meae
769 1837 852 1902 nihil
865 1835 1078 1921 progreditur,
1097 1835 1233 1901 consilia
1247 1839 1420 1919 exspectat

239 1925 443 1990 inimicorum
466 1947 619 1990 meorum.
665 1926 742 2009 quid
765 1925 826 2008 illi,
855 1945 991 2009 quorum
1014 1925 1148 1989 consilio
1171 1923 1207 1987 P.
1231 1922 1355 1988 Sestius
1381 1924 1419 1987 in

238 2011 391 2077 iudicium
413 2017 556 2096 vocatur,
580 2037 643 2098 quo
667 2034 701 2076 se
723 2017 820 2098 pacto
839 2012 978 2097 gerunt?
1001 2034 1073 2076 eum
1095 2012 1213 2096 forum,
1236 2013 1418 2094 comitium,

238 2101 361 2165 curiam
388 2101 492 2166 multa
514 2101 552 2165 de
574 2104 670 2183 nocte
698 2101 832 2166 armatis
855 2100 1042 2165 hominibus
1066 2122 1103 2165 ac
1127 2101 1227 2165 servis
1250 2101 1417 2185 plerisque
1431 2115 1453 2154 2⁰

239 2189 493 2272 occupavissent,
515 2190 671 2274 impetum
693 2190 818 2254 faciunt
839 2189 874 2252 in
897 2187 1089 2273 Fabricium,
1112 2210 1227 2253 manus
1251 2189 1418 2272 adferunt,

238 2413 395 2483 Einspruch
422 2415 468 2469 fiir
498 2415 629 2486 ungr'r'ltig
660 2416 798 2470 erklarter
852 2417 980 2486 dungene
1003 2417 1098 2471 Nacht
1120 2416 1182 2472 eine
1206 2416 1417 2486 merkwiirdige

239 2483 495 2553 Senatsbeschluss,
518 2486 569 2540 auf
589 2486 666 2540 einer
683 2486 798 2541 solchen
852 2487 955 2556 Lange.
978 2490 982 2553 Ι
1003 2488 1105 2552 liceret
1130 2504 1166 2541 an
1185 2485 1416 2556 Comitialtagen‚

237 2553 511 2625 Willeuserklarung
527 2557 675 2626 berchta!
851 2556 938 2612 deren
963 2556 1026 2612 eine
1048 2557 1158 2612 Anzaffl
1180 2557 1210 2612 in
1234 2559 1290 2613 den
1307 2558 1416 2612 Januar

186 2630 220 2679 ⁷4
273 2625 448 2695 (1ιῇ1191121,
473 2627 564 2682 damit
580 2627 628 2681 ich
650 2643 701 2682 vor
723 2627 798 2683 allen
851 2628 912 2696 fiel,
930 2628 1026 2682 warde
1044 2627 1110 2683 kein
1129 2628 1215 2683 Sonat
1233 2628 1376 2698 gahaban.
1396 2631 1399 2694 1

238 2695 482 2752 demokratischen
500 2697 682 2753 Wdhlereien
708 2698 799 2753 sicher
887 2699 996 2766 ceruit,
1022 2703 1055 2754 65
1080 2698 1112 2752 Ε.
1135 2700 1289 2768 ipriacepa
1314 2705 1415 2767 ropac,
1434 2693 1461 2746 75

238 2771 320 2823 ware.
351 2768 356 2840 Ι
376 2770 478 2837 populi
512 2769 610 2837 aaut,
645 2769 703 2824 also
736 2769 797 2824 eine
851 2769 901 2824 der
924 2768 1093 2840 eigentlichc
1116 2769 1333 2840 Antragsteller,
1357 2770 1416 2824 den

237 2837 291 2892 lex.
308 2838 312 2904 Ι
327 2840 449 2907 praviter
466 2859 493 2892 u.
517 2845 612 2894 warte
630 2857 685 2894 von
702 2841 799 2895 Inhalt
852 2840 927 2896 aeine
941 2841 1127 2897 Mittribunen
1145 2858 1197 2895 nur
1215 2841 1257 2894 als
1272 2840 1415 2910 subscrip-

238 2925 264 2960 u.
287 2907 383 2976 For-nr,
412 2909 509 2980 hdufig
526 2910 696 2965 verbunden.
717 2914 721 2980 Ι
742 2913 798 2966 dis·
851 2913 927 2966 tores
945 2913 1161 2981 unterstdtaten,
1180 2911 1215 2966 de
1233 2911 1288 2980 leg.
1307 2927 1368 2980 agr.
1388 2917 1415 2976 2,

237 2979 332 3044 οειείο,
358 2993 387 3032 es
405 2980 492 3048 ergab
510 2979 570 3034 sich
594 2980 641 3035 bei
659 2982 720 3048 der,
744 2981 797 3037 wie
853 2988 885 3035 13
905 2984 934 3037 et
957 2982 1086 3052 princeps
1111 2982 1172 3036 erat
1189 2981 1316 3050 agrariae
1339 2981 1415 3052 legis

237 3047 346 3118 immer,
355 3049 444 3104 durch
452 3048 737 3106 Auseinaudertreten
747 3057 798 3107 voi
851 3053 880 3106 et
909 3051 1093 3108 truculentius
1126 3067 1155 3105 se
1182 3047 1298 3120 gerebat
1324 3067 1416 3116 quam

237 3119 297 3200 sich
310 3153 314 3160 ›
329 3121 476 3203 gehenden
507 3120 708 3192 Abstimmnng
738 3121 796 3176 ein·
850 3122 945 3177 ceteri.
962 3122 1117 3191 ltemplwn,
1136 3125 1226 3176 21162.
1242 3121 1246 3183 1
1263 3119 1327 3188 aliq.
1347 3129 1416 3178 aaa

238 3191 536 3261 strmmrgehnnahme
549 3191 795 3247 desBeschlusses.
850 3193 947 3258 lacau,
972 3191 1026 3246 wie
1052 3191 1146 3261 gleich
1172 3189 1296 3245 nachher
1320 3193 1416 3247 multa

237 3259 424 3381 LGava'anaa,
442 3261 484 3314 als
503 3261 539 3315 ob
558 3277 588 3314 er
606 3262 695 3316 durch
711 3262 797 3317 lorm-
850 3262 885 3316 de
912 3263 1002 3316 nocte.
1024 3265 1028 3328 Ι
1048 3266 1125 3316 actor
1151 3262 1195 3316 bic
1226 3262 1414 3332 desquue,

251 3328 311 3383 'che
329 3330 510 3400 Arrogation‚
536 3331 615 3404 nicht
637 3332 725 3386 durch
743 3333 796 3387 Be·
852 3337 911 3388 144.
928 3335 932 3402 Ι
948 3332 1211 3401 nuizproqrecitar,
1222 3332 1414 3388 ‘thutkeinen

237 3401 304 3469 trug
315 3398 346 3453 in
360 3399 405 3455 die
419 3415 488 3470 gens
497 3401 587 3456 Atilia
600 3400 796 3472 iibergetreten
851 3401 979 3472 Schritt’,
997 3402 1027 3456 in
1046 3402 1111 3457 Vat.
1133 3407 1167 3457 21
1191 3420 1330 3472 nusquam
1348 3421 1413 3474 pro·

237 3475 320 3525 ware.
339 3472 343 3537 1
363 3487 412 3526 ccc
433 3472 537 3527 tamen.
554 3475 558 3540 Ι
574 3477 676 3527 nonan
693 3475 796 3541 postue
850 3472 1036 3541 gredientem
1061 3473 1097 3527 ad
1115 3474 1173 3529 nst.
1193 3480 1223 3544 2,
1244 3479 1271 3541 1,
1290 3480 1308 3528 4
1325 3476 1412 3544 paulo

238 3540 276 3594 Er
293 3541 344 3596 bat
366 3541 424 3597 sich
442 3541 503 3599 also
526 3544 599 3598 nach
617 3543 708 3599 dieser
725 3544 795 3598 Dar-
850 3542 913 3613 plus
928 3584 934 3596 .
951 3585 979 3599 ..
1002 3544 1141 3615 progredi.
1162 3548 1166 3606 1
1187 3545 1255 3614 quid
1273 3587 1279 3598 .
1296 3588 1301 3599 .
1319 3585 1325 3598 .
1344 3562 1412 3614 qao:

238 3611 373 3681 stellnng‚
401 3613 446 3667 die
470 3616 558 3669 etwas
581 3614 721 3670 abweicht
742 3630 797 3669 von
851 3613 919 3684 quid
938 3613 1035 3672 deutet
1052 3615 1082 3669 in
1108 3615 1222 3671 solchen
1241 3615 1340 3671 Sataen
1359 3635 1412 3670 nur

238 3681 287 3735 der
304 3681 341 3736 ad
359 3682 419 3738 Att.
437 3689 467 3753 4,
486 3691 512 3752 2,
529 3687 560 3751 4,
579 3684 750 3740 Bedenkzcit
764 3685 797 3740 in
851 3684 897 3740 die
915 3684 1006 3755 Frage
1025 3703 1073 3751 an3
1100 3691 1152 3741 114
1175 3685 1244 3755 quid
1261 3687 1411 3756 populares

237 3752 344 3807 Betreff
360 3754 430 3808 eben
443 3755 534 3810 seines
547 3755 718 3825 Einspruchs
738 3772 796 3811 aus.
850 3755 893 3809 illi
917 3755 988 3826 dno,
1014 3756 1083 3826 qnid
1106 3759 1239 3829 egerunt?
1268 3762 1318 3811 122
1342 3757 1411 3824 quid

240 3823 351 3894 laccer,
379 3822 427 3880 On.
460 3825 567 3896 Oppius
598 3826 794 3898 Cornicinus.)
849 3825 912 3892 illa,
944 3827 1179 3894 quemadmodum
1214 3827 1285 3882 dixit
1315 3827 1410 3882 idem?

236 3909 341 3950 moram
364 3925 397 3935 -
420 3896 573 3962 saetam,
601 3903 652 3951 129
676 3914 711 3952 ne
735 3898 797 3967 quis
851 3896 921 3952 Cato
939 3913 975 3952 nu
995 3903 1044 3966 22,
1062 3897 1129 3965 quid
1148 3898 1217 3952 iuris
1236 3898 1356 3952 consulti
1372 3939 1378 3952 .
1394 3940 1409 3966 .‚

238 3982 345 4020 moram
376 3966 464 4020 ullam
492 3965 610 4022 afferret.
636 3972 640 4038 Ι
666 3969 796 4024 deleban-
850 3983 935 4036 quam
962 3968 1053 4023 multa
1079 3968 1282 4024 meminerunt?
1305 3968 1310 4039 Ι
1330 3971 1411 4024 omni-

236 4035 796 4095 tori:dieSubstantivaauftordrsscken
850 4039 932 4104 tiam,
960 4037 1005 4092 ein
1030 4038 1221 4094 unbedecktsr
1246 4039 1336 4094 Reum
1363 4055 1410 4094 am
1472 4087 1473 4096 ,

237 4104 333 4175 hauiig
351 4107 412 4162 eine
427 4107 596 4163 anhaltende
612 4108 797 4179 Eigenschait
851 4109 952 4164 Forum
966 4109 1037 4164 nahe
1052 4109 1116 4164 dem
1133 4126 1212 4165 mons
1227 4109 1409 4192 Capitolinus,

238 4190 296 4243 aus,
313 4175 376 4231 hier
394 4179 455 4234 also
473 4178 607 4234 ironisch:
627 4179 692 4234 dem
710 4180 796 4234 Mann
849 4179 1045 4248 urspringlich
1058 4180 1103 4234 fur
1116 4179 1162 4235 die
1174 4180 1290 4236 comitia
1302 4180 1410 4236 curiata

237 4245 287 4299 der
313 4247 519 4320 Ueberlegung.
539 4251 574 4318 ΙΙ
628 4267 660 4317 a,
686 4250 723 4305 da
746 4251 796 4306 der
849 4249 1002 4306 bestimmt.
1018 4250 1023 4321 1
1039 4251 1160 4317 curiam,
1185 4250 1231 4306 die
1253 4250 1331 4307 curia
1352 4251 1408 4306 Ho-
1445 4281 1449 4292 .

236 4314 367 4386 folgende
395 4318 577 4392 Sitzungstag
628 4320 795 4376 otrachtlich
849 4319 926 4376 stilis
944 4320 1022 4376 dicht
1040 4320 1086 4377 bei
1104 4321 1169 4377 dem
1187 4320 1339 4377 comitium.
1356 4325 1361 4392 Ι
1376 4340 1409 4378 cc

236 4389 331 4456 spata
362 4388 421 4459 fiel,
453 4390 589 4447 crreiehte
621 4391 666 4447 die
696 4391 794 4447 ausbe-
848 4391 903 4447 und
937 4409 1021 4460 aaran
1053 4394 1137 4448 souis
1163 4393 1302 4462 plerisque
1334 4393 1408 4450 steht
