<?xml version="1.0" encoding="UTF-8"?>
<!DOCTYPE html PUBLIC "-//W3C//DTD XHTML 1.0 Transitional//EN"
    "http://www.w3.org/TR/xhtml1/DTD/xhtml1-transitional.dtd">
<html xmlns="http://www.w3.org/1999/xhtml" xml:lang="en" lang="en">
 <head>
  <title>
</title>
<meta http-equiv="Content-Type" content="text/html;charset=utf-8" />
  <meta name='ocr-system' content='tesseract 3.04.00' />
  <meta name='ocr-capabilities' content='ocr_page ocr_carea ocr_par ocr_line ocrx_word'/>
</head>
<body>
  <div class='ocr_page' id='page_1' title='image "./cicerosredefrps00ebergoog_0083.png"; bbox 0 0 3026 4876; ppageno 0'>
   <div class='ocr_carea' id='block_1_1' title="bbox 211 267 991 332">
    <p class='ocr_par' dir='ltr' id='par_1_1' title="bbox 211 267 991 332">
     <span class='ocr_line' id='line_1_1' title="bbox 211 267 991 332; baseline 0 -8"><span class='ocrx_word' id='word_1_1' title='bbox 211 269 252 332; x_wconf 77' lang='grc'>74</span> <span class='ocrx_word' id='word_1_2' title='bbox 601 271 638 325; x_wconf 86' lang='grc' dir='ltr'>Μ.</span> <span class='ocrx_word' id='word_1_3' title='bbox 659 270 782 324; x_wconf 84' lang='lat' dir='ltr'>TULLII</span> <span class='ocrx_word' id='word_1_4' title='bbox 800 267 991 324; x_wconf 73' lang='lat' dir='ltr'>CICERONIS</span> 
     </span>
    </p>
   </div>
   <div class='ocr_carea' id='block_1_2' title="bbox 110 429 1419 2198">
    <p class='ocr_par' dir='ltr' id='par_1_2' title="bbox 110 429 1419 2198">
     <span class='ocr_line' id='line_1_2' title="bbox 208 429 1380 518; baseline 0.003 -24"><span class='ocrx_word' id='word_1_5' title='bbox 208 453 275 496; x_wconf 90' lang='lat' dir='ltr'>nen</span> <span class='ocrx_word' id='word_1_6' title='bbox 303 435 373 495; x_wconf 86' lang='lat' dir='ltr'>eret</span> <span class='ocrx_word' id='word_1_7' title='bbox 399 429 478 494; x_wconf 92' lang='lat' dir='ltr'>illud</span> <span class='ocrx_word' id='word_1_8' title='bbox 506 431 631 516; x_wconf 90' lang='lat' dir='ltr'>quidem</span> <span class='ocrx_word' id='word_1_9' title='bbox 656 453 780 515; x_wconf 81' lang='lat' dir='ltr'>verum3</span> <span class='ocrx_word' id='word_1_10' title='bbox 810 453 877 496; x_wconf 90' lang='lat' dir='ltr'>nen</span> <span class='ocrx_word' id='word_1_11' title='bbox 904 431 991 496; x_wconf 90' lang='lat' dir='ltr'>enim</span> <span class='ocrx_word' id='word_1_12' title='bbox 1018 432 1152 518; x_wconf 76' lang='lat' dir='ltr'>ingrati,</span> <span class='ocrx_word' id='word_1_13' title='bbox 1181 433 1237 498; x_wconf 91' lang='lat' dir='ltr'>sed</span> <span class='ocrx_word' id='word_1_14' title='bbox 1260 434 1380 517; x_wconf 90' lang='lat' dir='ltr'>miseri,</span> 
     </span>
     <span class='ocr_line' id='line_1_3' title="bbox 209 520 1379 604; baseline 0.002 -20"><span class='ocrx_word' id='word_1_15' title='bbox 209 520 325 604; x_wconf 89' lang='lat' dir='ltr'>quibus</span> <span class='ocrx_word' id='word_1_16' title='bbox 348 520 478 585; x_wconf 84' lang='lat' dir='ltr'>reddere</span> <span class='ocrx_word' id='word_1_17' title='bbox 501 521 639 584; x_wconf 88' lang='lat' dir='ltr'>salutem</span> <span class='ocrx_word' id='word_1_18' title='bbox 664 543 684 584; x_wconf 86' lang='lat' dir='ltr'>e</span> <span class='ocrx_word' id='word_1_19' title='bbox 706 542 769 604; x_wconf 90' lang='lat' dir='ltr'>que</span> <span class='ocrx_word' id='word_1_20' title='bbox 793 524 982 604; x_wconf 71' lang='lat' dir='ltr'>receperant</span> <span class='ocrx_word' id='word_1_21' title='bbox 994 529 1063 586; x_wconf 80' lang='lat' dir='ltr'>n‘en</span> <span class='ocrx_word' id='word_1_22' title='bbox 1080 521 1198 604; x_wconf 84' lang='lat' dir='ltr'>liceret,</span> <span class='ocrx_word' id='word_1_23' title='bbox 1221 544 1281 588; x_wconf 91' lang='lat' dir='ltr'>nee</span> <span class='ocrx_word' id='word_1_24' title='bbox 1294 544 1379 586; x_wconf 88' lang='lat' dir='ltr'>unus</span> 
     </span>
     <span class='ocr_line' id='line_1_4' title="bbox 110 609 1380 694; baseline 0.003 -22"><span class='ocrx_word' id='word_1_25' title='bbox 110 667 115 679; x_wconf 88' lang='grc'>,</span> <span class='ocrx_word' id='word_1_26' title='bbox 207 610 242 672; x_wconf 92' lang='lat' dir='ltr'>in</span> <span class='ocrx_word' id='word_1_27' title='bbox 266 630 459 693; x_wconf 90' lang='lat' dir='ltr'>quemquam</span> <span class='ocrx_word' id='word_1_28' title='bbox 482 630 635 693; x_wconf 83' lang='lat' dir='ltr'>umquam</span> <span class='ocrx_word' id='word_1_29' title='bbox 649 609 772 694; x_wconf 80' lang='lat' dir='ltr'>gratior</span> <span class='ocrx_word' id='word_1_30' title='bbox 786 630 883 692; x_wconf 84' lang='lat' dir='ltr'>quam</span> <span class='ocrx_word' id='word_1_31' title='bbox 896 609 931 673; x_wconf 91' lang='lat' dir='ltr'>in</span> <span class='ocrx_word' id='word_1_32' title='bbox 944 631 996 674; x_wconf 89' lang='lat' dir='ltr'>me</span> <span class='ocrx_word' id='word_1_33' title='bbox 1019 609 1175 675; x_wconf 88' lang='lat' dir='ltr'>universi:</span> <span class='ocrx_word' id='word_1_34' title='bbox 1199 610 1255 676; x_wconf 89' lang='lat' dir='ltr'>sed</span> <span class='ocrx_word' id='word_1_35' title='bbox 1267 613 1380 676; x_wconf 91' lang='lat' dir='ltr'>tamen</span> 
     </span>
     <span class='ocr_line' id='line_1_5' title="bbox 157 697 1379 784; baseline 0.002 -24"><span class='ocrx_word' id='word_1_36' title='bbox 157 743 162 748; x_wconf 84' lang='lat'>-</span> <span class='ocrx_word' id='word_1_37' title='bbox 207 697 285 761; x_wconf 91' lang='lat' dir='ltr'>illud</span> <span class='ocrx_word' id='word_1_38' title='bbox 309 697 437 781; x_wconf 78' lang='lat' dir='ltr'>scripsit</span> <span class='ocrx_word' id='word_1_39' title='bbox 460 697 689 762; x_wconf 81' lang='lat' dir='ltr'>disertissimus</span> <span class='ocrx_word' id='word_1_40' title='bbox 707 700 805 781; x_wconf 88' lang='lat' dir='ltr'>poeta</span> <span class='ocrx_word' id='word_1_41' title='bbox 826 719 885 781; x_wconf 91' lang='lat' dir='ltr'>pro</span> <span class='ocrx_word' id='word_1_42' title='bbox 900 719 960 775; x_wconf 87' lang='lat' dir='ltr'>me,</span> <span class='ocrx_word' id='word_1_43' title='bbox 984 699 1050 783; x_wconf 84' lang='lat' dir='ltr'>egit</span> <span class='ocrx_word' id='word_1_44' title='bbox 1071 699 1265 764; x_wconf 84' lang='lat' dir='ltr'>fortissimus</span> <span class='ocrx_word' id='word_1_45' title='bbox 1279 702 1379 784; x_wconf 84' lang='lat' dir='ltr'>aeter,</span> 
     </span>
     <span class='ocr_line' id='line_1_6' title="bbox 206 786 1407 872; baseline 0.002 -22"><span class='ocrx_word' id='word_1_46' title='bbox 206 807 271 850; x_wconf 93' lang='lat' dir='ltr'>nen</span> <span class='ocrx_word' id='word_1_47' title='bbox 295 787 399 850; x_wconf 87' lang='lat' dir='ltr'>selum</span> <span class='ocrx_word' id='word_1_48' title='bbox 422 786 577 869; x_wconf 87' lang='lat' dir='ltr'>optimus,</span> <span class='ocrx_word' id='word_1_49' title='bbox 605 786 643 850; x_wconf 92' lang='lat' dir='ltr'>de</span> <span class='ocrx_word' id='word_1_50' title='bbox 666 807 730 869; x_wconf 89' lang='lat' dir='ltr'>me,</span> <span class='ocrx_word' id='word_1_51' title='bbox 758 808 831 850; x_wconf 89' lang='lat' dir='ltr'>eum</span> <span class='ocrx_word' id='word_1_52' title='bbox 854 786 960 851; x_wconf 91' lang='lat' dir='ltr'>omnis</span> <span class='ocrx_word' id='word_1_53' title='bbox 984 786 1111 852; x_wconf 86' lang='lat' dir='ltr'>ordines</span> <span class='ocrx_word' id='word_1_54' title='bbox 1135 788 1407 872; x_wconf 70' lang='lat' dir='ltr'>demonstrarete</span> 
     </span>
     <span class='ocr_line' id='line_1_7' title="bbox 208 873 1378 960; baseline 0.003 -22"><span class='ocrx_word' id='word_1_55' title='bbox 208 878 369 958; x_wconf 88' lang='lat' dir='ltr'>senatum,</span> <span class='ocrx_word' id='word_1_56' title='bbox 407 874 529 958; x_wconf 85' lang='lat' dir='ltr'>equites</span> <span class='ocrx_word' id='word_1_57' title='bbox 565 873 744 957; x_wconf 80' lang='lat' dir='ltr'>Romanoa,</span> <span class='ocrx_word' id='word_1_58' title='bbox 781 876 968 940; x_wconf 81' lang='lat' dir='ltr'>universum</span> <span class='ocrx_word' id='word_1_59' title='bbox 1004 877 1159 960; x_wconf 88' lang='lat' dir='ltr'>populum</span> <span class='ocrx_word' id='word_1_60' title='bbox 1195 875 1378 942; x_wconf 72' lang='lat' dir='ltr'>Romarm</span> 
     </span>
     <span class='ocr_line' id='line_1_8' title="bbox 208 967 373 1028; baseline -0.006 -1"><span class='ocrx_word' id='word_1_61' title='bbox 208 967 373 1028; x_wconf 86' lang='lat' dir='ltr'>accusaret</span> 
     </span>
     <span class='ocr_line' id='line_1_9' title="bbox 358 1014 1223 1138; baseline 0 -22"><span class='ocrx_word' id='word_1_62' title='bbox 358 1014 514 1117; x_wconf 60' lang='lat' dir='ltr'>‘issem</span> <span class='ocrx_word' id='word_1_63' title='bbox 538 1049 657 1134; x_wconf 65' lang='lat' dir='ltr'>emes,</span> <span class='ocrx_word' id='word_1_64' title='bbox 680 1053 768 1116; x_wconf 63' lang='lat' dir='ltr'>arses</span> <span class='ocrx_word' id='word_1_65' title='bbox 791 1053 881 1136; x_wconf 82' lang='lat' dir='ltr'>pen,</span> <span class='ocrx_word' id='word_1_66' title='bbox 902 1053 1031 1136; x_wconf 69' lang='lat' dir='ltr'>pnsum</span> <span class='ocrx_word' id='word_1_67' title='bbox 1054 1052 1223 1138; x_wconf 72' lang='lat' dir='ltr'>petimini?</span> 
     </span>
     <span class='ocr_line' id='line_1_10' title="bbox 207 1140 1377 1226; baseline 0.002 -22"><span class='ocrx_word' id='word_1_68' title='bbox 207 1161 288 1224; x_wconf 88' lang='lat' dir='ltr'>quaa</span> <span class='ocrx_word' id='word_1_69' title='bbox 311 1144 381 1204; x_wconf 90' lang='lat' dir='ltr'>tum</span> <span class='ocrx_word' id='word_1_70' title='bbox 405 1140 598 1225; x_wconf 79' lang='lat' dir='ltr'>significatio</span> <span class='ocrx_word' id='word_1_71' title='bbox 621 1141 718 1204; x_wconf 77' lang='lat' dir='ltr'>fuerit</span> <span class='ocrx_word' id='word_1_72' title='bbox 732 1142 885 1225; x_wconf 86' lang='lat' dir='ltr'>omnium,</span> <span class='ocrx_word' id='word_1_73' title='bbox 908 1163 990 1226; x_wconf 85' lang='lat' dir='ltr'>quae</span> <span class='ocrx_word' id='word_1_74' title='bbox 1008 1141 1182 1206; x_wconf 80' lang='lat' dir='ltr'>declaratio</span> <span class='ocrx_word' id='word_1_75' title='bbox 1200 1142 1377 1207; x_wconf 85' lang='lat' dir='ltr'>veluntatis</span> 
     </span>
     <span class='ocr_line' id='line_1_11' title="bbox 206 1229 1419 1314; baseline -0.003 -22"><span class='ocrx_word' id='word_1_76' title='bbox 206 1230 247 1293; x_wconf 92' lang='lat' dir='ltr'>ab</span> <span class='ocrx_word' id='word_1_77' title='bbox 270 1230 419 1294; x_wconf 87' lang='lat' dir='ltr'>universe</span> <span class='ocrx_word' id='word_1_78' title='bbox 442 1230 561 1313; x_wconf 89' lang='lat' dir='ltr'>populo</span> <span class='ocrx_word' id='word_1_79' title='bbox 585 1229 732 1294; x_wconf 85' lang='lat' dir='ltr'>Romano</span> <span class='ocrx_word' id='word_1_80' title='bbox 760 1231 795 1293; x_wconf 93' lang='lat' dir='ltr'>in</span> <span class='ocrx_word' id='word_1_81' title='bbox 824 1251 922 1295; x_wconf 77' lang='lat' dir='ltr'>cauea</span> <span class='ocrx_word' id='word_1_82' title='bbox 947 1230 1088 1295; x_wconf 88' lang='lat' dir='ltr'>heminis</span> <span class='ocrx_word' id='word_1_83' title='bbox 1115 1251 1182 1296; x_wconf 89' lang='lat' dir='ltr'>nen</span> <span class='ocrx_word' id='word_1_84' title='bbox 1211 1231 1376 1314; x_wconf 85' lang='lat' dir='ltr'>popularis</span> <span class='ocrx_word' id='word_1_85' title='bbox 1393 1250 1419 1288; x_wconf 88' lang='grc' dir='ltr'>ιο</span> 
     </span>
     <span class='ocr_line' id='line_1_12' title="bbox 207 1317 1376 1404; baseline 0.002 -23"><span class='ocrx_word' id='word_1_86' title='bbox 207 1318 354 1402; x_wconf 90' lang='lat' dir='ltr'>equidem</span> <span class='ocrx_word' id='word_1_87' title='bbox 377 1317 561 1382; x_wconf 85' lang='lat' dir='ltr'>audiebam:</span> <span class='ocrx_word' id='word_1_88' title='bbox 589 1319 772 1382; x_wconf 88' lang='lat' dir='ltr'>existimare</span> <span class='ocrx_word' id='word_1_89' title='bbox 794 1318 919 1382; x_wconf 83' lang='lat' dir='ltr'>faeiliur</span> <span class='ocrx_word' id='word_1_90' title='bbox 942 1322 1090 1402; x_wconf 85' lang='lat' dir='ltr'>pessunt,</span> <span class='ocrx_word' id='word_1_91' title='bbox 1118 1319 1174 1404; x_wconf 90' lang='lat' dir='ltr'>qui</span> <span class='ocrx_word' id='word_1_92' title='bbox 1196 1318 1376 1385; x_wconf 81' lang='lat' dir='ltr'>adfuerunt</span> 
     </span>
     <span class='ocr_line' id='line_1_13' title="bbox 155 1406 1376 1490; baseline -0.001 -17"><span class='ocrx_word' id='word_1_93' title='bbox 155 1417 193 1474; x_wconf 80' lang='lat'>58</span> <span class='ocrx_word' id='word_1_94' title='bbox 207 1409 239 1470; x_wconf 91' lang='lat' dir='ltr'>et</span> <span class='ocrx_word' id='word_1_95' title='bbox 262 1407 414 1490; x_wconf 87' lang='lat' dir='ltr'>quoniam</span> <span class='ocrx_word' id='word_1_96' title='bbox 437 1406 499 1470; x_wconf 87' lang='lat' dir='ltr'>huc</span> <span class='ocrx_word' id='word_1_97' title='bbox 512 1428 564 1470; x_wconf 89' lang='lat' dir='ltr'>me</span> <span class='ocrx_word' id='word_1_98' title='bbox 578 1407 725 1488; x_wconf 81' lang='lat' dir='ltr'>provexit</span> <span class='ocrx_word' id='word_1_99' title='bbox 739 1408 853 1489; x_wconf 87' lang='lat' dir='ltr'>oratio,</span> <span class='ocrx_word' id='word_1_100' title='bbox 875 1407 991 1471; x_wconf 84' lang='lat' dir='ltr'>histrio</span> <span class='ocrx_word' id='word_1_101' title='bbox 1005 1429 1116 1472; x_wconf 87' lang='lat' dir='ltr'>casum</span> <span class='ocrx_word' id='word_1_102' title='bbox 1134 1429 1241 1472; x_wconf 91' lang='lat' dir='ltr'>meum</span> <span class='ocrx_word' id='word_1_103' title='bbox 1254 1409 1376 1472; x_wconf 88' lang='lat' dir='ltr'>totiens</span> 
     </span>
     <span class='ocr_line' id='line_1_14' title="bbox 154 1494 1376 1580; baseline 0.004 -24"><span class='ocrx_word' id='word_1_104' title='bbox 154 1495 461 1577; x_wconf 75' lang='lat' dir='ltr'>1eecenlacrimevit,</span> <span class='ocrx_word' id='word_1_105' title='bbox 489 1515 562 1558; x_wconf 90' lang='lat' dir='ltr'>eum</span> <span class='ocrx_word' id='word_1_106' title='bbox 584 1495 630 1558; x_wconf 87' lang='lat' dir='ltr'>ita</span> <span class='ocrx_word' id='word_1_107' title='bbox 653 1494 799 1559; x_wconf 89' lang='lat' dir='ltr'>dolenter</span> <span class='ocrx_word' id='word_1_108' title='bbox 823 1503 933 1580; x_wconf 80' lang='lat' dir='ltr'>ageret</span> <span class='ocrx_word' id='word_1_109' title='bbox 956 1518 1086 1560; x_wconf 89' lang='lat' dir='ltr'>causam</span> <span class='ocrx_word' id='word_1_110' title='bbox 1109 1517 1228 1580; x_wconf 86' lang='lat' dir='ltr'>meam,</span> <span class='ocrx_word' id='word_1_111' title='bbox 1254 1499 1291 1559; x_wconf 90' lang='lat' dir='ltr'>ut</span> <span class='ocrx_word' id='word_1_112' title='bbox 1312 1519 1376 1561; x_wconf 82' lang='lat' dir='ltr'>vex</span> 
     </span>
     <span class='ocr_line' id='line_1_15' title="bbox 206 1582 1375 1670; baseline 0.002 -24"><span class='ocrx_word' id='word_1_113' title='bbox 206 1584 274 1647; x_wconf 88' lang='lat' dir='ltr'>eius</span> <span class='ocrx_word' id='word_1_114' title='bbox 296 1582 356 1647; x_wconf 91' lang='lat' dir='ltr'>illa</span> <span class='ocrx_word' id='word_1_115' title='bbox 376 1583 542 1666; x_wconf 86' lang='lat' dir='ltr'>praeclare</span> <span class='ocrx_word' id='word_1_116' title='bbox 563 1583 705 1648; x_wconf 84' lang='lat' dir='ltr'>lacrimis</span> <span class='ocrx_word' id='word_1_117' title='bbox 728 1583 948 1668; x_wconf 82' lang='lat' dir='ltr'>impediretur3</span> <span class='ocrx_word' id='word_1_118' title='bbox 972 1605 1075 1669; x_wconf 88' lang='lat' dir='ltr'>neque</span> <span class='ocrx_word' id='word_1_119' title='bbox 1093 1588 1215 1669; x_wconf 87' lang='lat' dir='ltr'>poetae,</span> <span class='ocrx_word' id='word_1_120' title='bbox 1238 1607 1375 1670; x_wconf 89' lang='lat' dir='ltr'>querum</span> 
     </span>
     <span class='ocr_line' id='line_1_16' title="bbox 205 1671 1416 1758; baseline 0.003 -24"><span class='ocrx_word' id='word_1_121' title='bbox 205 1691 266 1755; x_wconf 82' lang='lat' dir='ltr'>ego</span> <span class='ocrx_word' id='word_1_122' title='bbox 281 1692 406 1755; x_wconf 91' lang='lat' dir='ltr'>semper</span> <span class='ocrx_word' id='word_1_123' title='bbox 419 1672 549 1756; x_wconf 86' lang='lat' dir='ltr'>ingenia</span> <span class='ocrx_word' id='word_1_124' title='bbox 563 1671 667 1755; x_wconf 84' lang='lat' dir='ltr'>dilexi,</span> <span class='ocrx_word' id='word_1_125' title='bbox 688 1673 827 1756; x_wconf 88' lang='lat' dir='ltr'>tempori</span> <span class='ocrx_word' id='word_1_126' title='bbox 839 1694 912 1739; x_wconf 92' lang='lat' dir='ltr'>meo</span> <span class='ocrx_word' id='word_1_127' title='bbox 927 1673 1104 1757; x_wconf 84' lang='lat' dir='ltr'>defuerunt,</span> <span class='ocrx_word' id='word_1_128' title='bbox 1121 1695 1222 1758; x_wconf 78' lang='lat' dir='ltr'>esque</span> <span class='ocrx_word' id='word_1_129' title='bbox 1235 1675 1374 1758; x_wconf 90' lang='lat' dir='ltr'>populus</span> <span class='ocrx_word' id='word_1_130' title='bbox 1390 1692 1416 1732; x_wconf 79' lang='grc' dir='ltr'>ιι</span> 
     </span>
     <span class='ocr_line' id='line_1_17' title="bbox 204 1759 1374 1847; baseline 0.002 -24"><span class='ocrx_word' id='word_1_131' title='bbox 204 1759 369 1824; x_wconf 87' lang='lat' dir='ltr'>Romanus</span> <span class='ocrx_word' id='word_1_132' title='bbox 391 1783 459 1825; x_wconf 90' lang='lat' dir='ltr'>non</span> <span class='ocrx_word' id='word_1_133' title='bbox 473 1761 576 1826; x_wconf 87' lang='lat' dir='ltr'>selum</span> <span class='ocrx_word' id='word_1_134' title='bbox 598 1761 722 1845; x_wconf 78' lang='lat' dir='ltr'>plausu,</span> <span class='ocrx_word' id='word_1_135' title='bbox 746 1762 802 1826; x_wconf 91' lang='lat' dir='ltr'>sed</span> <span class='ocrx_word' id='word_1_136' title='bbox 816 1765 914 1827; x_wconf 87' lang='lat' dir='ltr'>etiam</span> <span class='ocrx_word' id='word_1_137' title='bbox 928 1763 1049 1847; x_wconf 83' lang='lat' dir='ltr'>gemite</span> <span class='ocrx_word' id='word_1_138' title='bbox 1063 1783 1121 1827; x_wconf 87' lang='lat' dir='ltr'>sue</span> <span class='ocrx_word' id='word_1_139' title='bbox 1136 1763 1374 1847; x_wconf 84' lang='lat' dir='ltr'>comprobavit:</span> 
     </span>
     <span class='ocr_line' id='line_1_18' title="bbox 204 1849 1374 1935; baseline 0.002 -23"><span class='ocrx_word' id='word_1_140' title='bbox 204 1853 312 1913; x_wconf 90' lang='lat' dir='ltr'>utrum</span> <span class='ocrx_word' id='word_1_141' title='bbox 334 1849 433 1933; x_wconf 80' lang='lat' dir='ltr'>igitur</span> <span class='ocrx_word' id='word_1_142' title='bbox 455 1849 534 1914; x_wconf 87' lang='lat' dir='ltr'>haee</span> <span class='ocrx_word' id='word_1_143' title='bbox 557 1850 722 1933; x_wconf 85' lang='lat' dir='ltr'>Aesopum</span> <span class='ocrx_word' id='word_1_144' title='bbox 749 1852 856 1935; x_wconf 90' lang='lat' dir='ltr'>petius</span> <span class='ocrx_word' id='word_1_145' title='bbox 879 1872 938 1934; x_wconf 90' lang='lat' dir='ltr'>pre</span> <span class='ocrx_word' id='word_1_146' title='bbox 961 1873 1013 1916; x_wconf 91' lang='lat' dir='ltr'>me</span> <span class='ocrx_word' id='word_1_147' title='bbox 1037 1856 1093 1915; x_wconf 91' lang='lat' dir='ltr'>aut</span> <span class='ocrx_word' id='word_1_148' title='bbox 1115 1852 1249 1916; x_wconf 85' lang='lat' dir='ltr'>Accium</span> <span class='ocrx_word' id='word_1_149' title='bbox 1271 1852 1374 1916; x_wconf 87' lang='lat' dir='ltr'>dicere</span> 
     </span>
     <span class='ocr_line' id='line_1_19' title="bbox 205 1937 1373 2024; baseline 0.002 -22"><span class='ocrx_word' id='word_1_150' title='bbox 205 1939 358 2020; x_wconf 84' lang='lat' dir='ltr'>oportuit,</span> <span class='ocrx_word' id='word_1_151' title='bbox 380 1938 407 2002; x_wconf 91' lang='lat' dir='ltr'>si</span> <span class='ocrx_word' id='word_1_152' title='bbox 427 1938 565 2022; x_wconf 91' lang='lat' dir='ltr'>populus</span> <span class='ocrx_word' id='word_1_153' title='bbox 579 1937 745 2004; x_wconf 70' lang='lat' dir='ltr'>Remanm</span> <span class='ocrx_word' id='word_1_154' title='bbox 760 1940 842 2004; x_wconf 89' lang='lat' dir='ltr'>liber</span> <span class='ocrx_word' id='word_1_155' title='bbox 863 1944 957 2022; x_wconf 85' lang='lat' dir='ltr'>esset,</span> <span class='ocrx_word' id='word_1_156' title='bbox 980 1962 1022 2003; x_wconf 89' lang='lat' dir='ltr'>an</span> <span class='ocrx_word' id='word_1_157' title='bbox 1035 1940 1196 2024; x_wconf 88' lang='lat' dir='ltr'>principes</span> <span class='ocrx_word' id='word_1_158' title='bbox 1211 1939 1373 2004; x_wconf 77' lang='lat' dir='ltr'>civitatis?</span> 
     </span>
     <span class='ocr_line' id='line_1_20' title="bbox 204 2026 874 2110; baseline 0.003 -20"><span class='ocrx_word' id='word_1_159' title='bbox 204 2026 397 2090; x_wconf 85' lang='lat' dir='ltr'>nominatim</span> <span class='ocrx_word' id='word_1_160' title='bbox 420 2047 491 2090; x_wconf 88' lang='lat' dir='ltr'>sem</span> <span class='ocrx_word' id='word_1_161' title='bbox 515 2027 694 2110; x_wconf 86' lang='lat' dir='ltr'>appellatus</span> <span class='ocrx_word' id='word_1_162' title='bbox 717 2029 750 2090; x_wconf 90' lang='lat' dir='ltr'>in</span> <span class='ocrx_word' id='word_1_163' title='bbox 773 2027 874 2092; x_wconf 89' lang='lat' dir='ltr'>Brute</span> 
     </span>
     <span class='ocr_line' id='line_1_21' title="bbox 377 2113 1414 2198; baseline -0.002 -20"><span class='ocrx_word' id='word_1_164' title='bbox 377 2113 523 2198; x_wconf 54' lang='lat' dir='ltr'>‘Tullius</span> <span class='ocrx_word' id='word_1_165' title='bbox 547 2116 601 2198; x_wconf 89' lang='lat' dir='ltr'>qui</span> <span class='ocrx_word' id='word_1_166' title='bbox 624 2113 808 2180; x_wconf 80' lang='lat' dir='ltr'>lssrertatem</span> <span class='ocrx_word' id='word_1_167' title='bbox 831 2116 953 2181; x_wconf 85' lang='lat' dir='ltr'>civibus</span> <span class='ocrx_word' id='word_1_168' title='bbox 976 2115 1204 2181; x_wconf 83' lang='lat' dir='ltr'>stabiliverat&#39;:</span> <span class='ocrx_word' id='word_1_169' title='bbox 1388 2137 1414 2176; x_wconf 83' lang='lat' dir='ltr'>ee</span> 
     </span>
    </p>
   </div>
   <div class='ocr_carea' id='block_1_3' title="bbox 197 2309 1422 4507">
    <p class='ocr_par' dir='ltr' id='par_1_3' title="bbox 200 2309 1374 3298">
     <span class='ocr_line' id='line_1_22' title="bbox 202 2309 1374 2451; baseline 0.003 -21"><span class='ocrx_word' id='word_1_170' title='bbox 202 2309 761 2449; x_wconf 59' lang='lat' dir='ltr'>tttssiddietwdtzd</span> <span class='ocrx_word' id='word_1_171' title='bbox 812 2309 1374 2451; x_wconf 50' lang='lat' dir='ltr'>iliihyiih⁰llii⁰¹¹difflieg²0p⁰liss</span> 
     </span>
     <span class='ocr_line' id='line_1_23' title="bbox 202 2448 1372 2520; baseline 0.003 -18"><span class='ocrx_word' id='word_1_172' title='bbox 202 2450 262 2502; x_wconf 87' lang='lat' dir='ltr'>tam</span> <span class='ocrx_word' id='word_1_173' title='bbox 301 2448 432 2502; x_wconf 88' lang='lat' dir='ltr'>miseram</span> <span class='ocrx_word' id='word_1_174' title='bbox 475 2450 559 2517; x_wconf 84' lang='lat' dir='ltr'>atque</span> <span class='ocrx_word' id='word_1_175' title='bbox 600 2465 760 2519; x_wconf 85' lang='lat' dir='ltr'>oppressam</span> <span class='ocrx_word' id='word_1_176' title='bbox 814 2451 909 2506; x_wconf 88' lang='lat' dir='ltr'>Zeiten</span> <span class='ocrx_word' id='word_1_177' title='bbox 928 2451 1005 2505; x_wconf 87' lang='lat' dir='ltr'>nicht</span> <span class='ocrx_word' id='word_1_178' title='bbox 1022 2451 1183 2506; x_wconf 83' lang='lat' dir='ltr'>besinflusst</span> <span class='ocrx_word' id='word_1_179' title='bbox 1206 2452 1283 2505; x_wconf 88' lang='lat' dir='ltr'>wird.</span> <span class='ocrx_word' id='word_1_180' title='bbox 1304 2451 1308 2520; x_wconf 75' lang='lat' dir='ltr'>l</span> <span class='ocrx_word' id='word_1_181' title='bbox 1329 2453 1372 2516; x_wconf 81' lang='lat' dir='ltr'>eb,</span> 
     </span>
     <span class='ocr_line' id='line_1_24' title="bbox 202 2519 1373 2591; baseline 0.003 -19"><span class='ocrx_word' id='word_1_182' title='bbox 202 2519 294 2572; x_wconf 86' lang='lat' dir='ltr'>fuisse.</span> <span class='ocrx_word' id='word_1_183' title='bbox 312 2520 316 2586; x_wconf 89' lang='grc' dir='ltr'>Ι</span> <span class='ocrx_word' id='word_1_184' title='bbox 332 2535 379 2572; x_wconf 79' lang='lat' dir='ltr'>rece</span> <span class='ocrx_word' id='word_1_185' title='bbox 389 2520 645 2586; x_wconf 65' lang='lat' dir='ltr'>enus-emicaret,</span> <span class='ocrx_word' id='word_1_186' title='bbox 654 2519 726 2575; x_wconf 90' lang='lat' dir='ltr'>Phil.</span> <span class='ocrx_word' id='word_1_187' title='bbox 735 2527 760 2588; x_wconf 90' lang='lat'>3,</span> <span class='ocrx_word' id='word_1_188' title='bbox 813 2538 867 2576; x_wconf 89' lang='lat' dir='ltr'>ven</span> <span class='ocrx_word' id='word_1_189' title='bbox 890 2521 992 2577; x_wconf 85' lang='lat' dir='ltr'>Seiten.</span> <span class='ocrx_word' id='word_1_190' title='bbox 1017 2523 1021 2589; x_wconf 80' lang='lat' dir='ltr'>l</span> <span class='ocrx_word' id='word_1_191' title='bbox 1048 2523 1167 2591; x_wconf 57' lang='lat' dir='ltr'>equidm</span> <span class='ocrx_word' id='word_1_192' title='bbox 1190 2540 1239 2577; x_wconf 87' lang='lat' dir='ltr'>aus</span> <span class='ocrx_word' id='word_1_193' title='bbox 1259 2522 1373 2590; x_wconf 89' lang='lat' dir='ltr'>quidem</span> 
     </span>
     <span class='ocr_line' id='line_1_25' title="bbox 203 2589 1372 2663; baseline 0.003 -19"><span class='ocrx_word' id='word_1_194' title='bbox 203 2590 300 2658; x_wconf 71' lang='lat' dir='ltr'>liquis</span> <span class='ocrx_word' id='word_1_195' title='bbox 316 2590 391 2644; x_wconf 90' lang='lat' dir='ltr'>enim</span> <span class='ocrx_word' id='word_1_196' title='bbox 411 2608 480 2645; x_wconf 85' lang='lat' dir='ltr'>unns</span> <span class='ocrx_word' id='word_1_197' title='bbox 498 2589 617 2645; x_wconf 82' lang='lat' dir='ltr'>fertior.</span> <span class='ocrx_word' id='word_1_198' title='bbox 656 2609 760 2660; x_wconf 86' lang='lat' dir='ltr'>.quam</span> <span class='ocrx_word' id='word_1_199' title='bbox 812 2593 943 2647; x_wconf 88' lang='lat' dir='ltr'>unddem</span> <span class='ocrx_word' id='word_1_200' title='bbox 955 2593 1084 2646; x_wconf 82' lang='lat' dir='ltr'>Auernis</span> <span class='ocrx_word' id='word_1_201' title='bbox 1099 2596 1372 2663; x_wconf 81' lang='lat' dir='ltr'>zusammengesetzt,</span> 
     </span>
     <span class='ocr_line' id='line_1_26' title="bbox 201 2660 1372 2734; baseline 0.004 -20"><span class='ocrx_word' id='word_1_202' title='bbox 201 2661 276 2732; x_wconf 78' lang='lat' dir='ltr'>legio</span> <span class='ocrx_word' id='word_1_203' title='bbox 295 2660 397 2715; x_wconf 83' lang='lat' dir='ltr'>Martie</span> <span class='ocrx_word' id='word_1_204' title='bbox 414 2661 562 2716; x_wconf 75' lang='lat' dir='ltr'>universa?</span> <span class='ocrx_word' id='word_1_205' title='bbox 578 2665 582 2729; x_wconf 90' lang='grc'>1</span> <span class='ocrx_word' id='word_1_206' title='bbox 598 2663 644 2716; x_wconf 81' lang='lat' dir='ltr'>sed</span> <span class='ocrx_word' id='word_1_207' title='bbox 661 2667 759 2718; x_wconf 78' lang='lat' dir='ltr'>temere.</span> <span class='ocrx_word' id='word_1_208' title='bbox 813 2665 888 2718; x_wconf 86' lang='lat' dir='ltr'>steht</span> <span class='ocrx_word' id='word_1_209' title='bbox 904 2662 935 2717; x_wconf 92' lang='lat' dir='ltr'>in</span> <span class='ocrx_word' id='word_1_210' title='bbox 954 2664 1163 2734; x_wconf 68' lang='lat' dir='ltr'>selbsttndigen</span> <span class='ocrx_word' id='word_1_211' title='bbox 1181 2664 1281 2718; x_wconf 75' lang='lat' dir='ltr'>Sttzen</span> <span class='ocrx_word' id='word_1_212' title='bbox 1299 2664 1372 2719; x_wconf 89' lang='lat' dir='ltr'>ohne</span> 
     </span>
     <span class='ocr_line' id='line_1_27' title="bbox 201 2732 1372 2790; baseline 0.003 -5"><span class='ocrx_word' id='word_1_213' title='bbox 201 2732 291 2786; x_wconf 87' lang='lat' dir='ltr'>Wenn</span> <span class='ocrx_word' id='word_1_214' title='bbox 311 2733 383 2786; x_wconf 87' lang='lat' dir='ltr'>auch</span> <span class='ocrx_word' id='word_1_215' title='bbox 401 2732 448 2787; x_wconf 88' lang='lat' dir='ltr'>die</span> <span class='ocrx_word' id='word_1_216' title='bbox 461 2733 694 2788; x_wconf 79' lang='lat' dir='ltr'>Undankbarlreit</span> <span class='ocrx_word' id='word_1_217' title='bbox 711 2735 760 2788; x_wconf 89' lang='lat' dir='ltr'>der</span> <span class='ocrx_word' id='word_1_218' title='bbox 812 2752 848 2788; x_wconf 87' lang='lat' dir='ltr'>an</span> <span class='ocrx_word' id='word_1_219' title='bbox 885 2736 947 2788; x_wconf 91' lang='lat' dir='ltr'>eine</span> <span class='ocrx_word' id='word_1_220' title='bbox 980 2734 1137 2789; x_wconf 85' lang='lat' dir='ltr'>bestimmte</span> <span class='ocrx_word' id='word_1_221' title='bbox 1168 2734 1272 2789; x_wconf 83' lang='lat' dir='ltr'>Person</span> <span class='ocrx_word' id='word_1_222' title='bbox 1308 2735 1372 2790; x_wconf 89' lang='lat' dir='ltr'>dem</span> 
     </span>
     <span class='ocr_line' id='line_1_28' title="bbox 201 2804 1372 2876; baseline 0.003 -20"><span class='ocrx_word' id='word_1_223' title='bbox 201 2804 319 2872; x_wconf 81' lang='lat' dir='ltr'>Argiver</span> <span class='ocrx_word' id='word_1_224' title='bbox 345 2804 424 2858; x_wconf 89' lang='lat' dir='ltr'>nieht</span> <span class='ocrx_word' id='word_1_225' title='bbox 448 2805 499 2859; x_wconf 86' lang='lat' dir='ltr'>auf</span> <span class='ocrx_word' id='word_1_226' title='bbox 518 2805 564 2859; x_wconf 91' lang='lat' dir='ltr'>die</span> <span class='ocrx_word' id='word_1_227' title='bbox 585 2805 688 2858; x_wconf 80' lang='lat' dir='ltr'>Rdnrer</span> <span class='ocrx_word' id='word_1_228' title='bbox 711 2822 758 2858; x_wconf 86' lang='lat' dir='ltr'>en·</span> <span class='ocrx_word' id='word_1_229' title='bbox 812 2806 956 2876; x_wconf 83' lang='lat' dir='ltr'>Ursprung</span> <span class='ocrx_word' id='word_1_230' title='bbox 980 2807 1052 2860; x_wconf 86' lang='lat' dir='ltr'>nach</span> <span class='ocrx_word' id='word_1_231' title='bbox 1074 2805 1222 2876; x_wconf 81' lang='lat' dir='ltr'>gebunden</span> <span class='ocrx_word' id='word_1_232' title='bbox 1248 2823 1282 2860; x_wconf 85' lang='lat' dir='ltr'>au</span> <span class='ocrx_word' id='word_1_233' title='bbox 1304 2806 1372 2873; x_wconf 85' lang='lat' dir='ltr'>sein,</span> 
     </span>
     <span class='ocr_line' id='line_1_29' title="bbox 201 2875 1372 2945; baseline 0.003 -17"><span class='ocrx_word' id='word_1_234' title='bbox 201 2875 332 2944; x_wconf 83' lang='lat' dir='ltr'>geweudt</span> <span class='ocrx_word' id='word_1_235' title='bbox 362 2875 474 2930; x_wconf 83' lang='lat' dir='ltr'>werden</span> <span class='ocrx_word' id='word_1_236' title='bbox 501 2875 618 2942; x_wconf 82' lang='lat' dir='ltr'>kennte,</span> <span class='ocrx_word' id='word_1_237' title='bbox 652 2891 682 2929; x_wconf 91' lang='lat' dir='ltr'>se</span> <span class='ocrx_word' id='word_1_238' title='bbox 712 2877 760 2945; x_wconf 83' lang='lat' dir='ltr'>lag</span> <span class='ocrx_word' id='word_1_239' title='bbox 812 2877 881 2930; x_wconf 86' lang='lat' dir='ltr'>wird</span> <span class='ocrx_word' id='word_1_240' title='bbox 890 2878 957 2932; x_wconf 85' lang='lat' dir='ltr'>eber</span> <span class='ocrx_word' id='word_1_241' title='bbox 966 2893 1021 2931; x_wconf 87' lang='lat' dir='ltr'>ven</span> <span class='ocrx_word' id='word_1_242' title='bbox 1030 2875 1133 2945; x_wconf 81' lang='lat' dir='ltr'>Cicero,</span> <span class='ocrx_word' id='word_1_243' title='bbox 1147 2875 1291 2931; x_wconf 82' lang='lat' dir='ltr'>vielleicht</span> <span class='ocrx_word' id='word_1_244' title='bbox 1299 2877 1372 2931; x_wconf 85' lang='lat' dir='ltr'>nach</span> 
     </span>
     <span class='ocr_line' id='line_1_30' title="bbox 202 2945 1372 3017; baseline 0.002 -17"><span class='ocrx_word' id='word_1_245' title='bbox 202 2945 274 3000; x_wconf 88' lang='lat' dir='ltr'>doch</span> <span class='ocrx_word' id='word_1_246' title='bbox 291 2946 321 2999; x_wconf 93' lang='lat' dir='ltr'>in</span> <span class='ocrx_word' id='word_1_247' title='bbox 340 2946 389 2999; x_wconf 91' lang='lat' dir='ltr'>der</span> <span class='ocrx_word' id='word_1_248' title='bbox 406 2945 436 2999; x_wconf 91' lang='lat' dir='ltr'>in</span> <span class='ocrx_word' id='word_1_249' title='bbox 454 2947 518 3000; x_wconf 87' lang='lat' dir='ltr'>dem</span> <span class='ocrx_word' id='word_1_250' title='bbox 536 2946 596 3000; x_wconf 91' lang='lat' dir='ltr'>sich</span> <span class='ocrx_word' id='word_1_251' title='bbox 609 2946 757 3001; x_wconf 81' lang='lat' dir='ltr'>anschlier·</span> <span class='ocrx_word' id='word_1_252' title='bbox 813 2949 888 3002; x_wconf 85' lang='lat' dir='ltr'>einer</span> <span class='ocrx_word' id='word_1_253' title='bbox 914 2947 1049 3002; x_wconf 76' lang='lat' dir='ltr'>felsehen·</span> <span class='ocrx_word' id='word_1_254' title='bbox 1066 2947 1255 3017; x_wconf 78' lang='lat' dir='ltr'>Etymelogie,</span> <span class='ocrx_word' id='word_1_255' title='bbox 1282 2947 1372 3016; x_wconf 81' lang='lat' dir='ltr'>einaig</span> 
     </span>
     <span class='ocr_line' id='line_1_31' title="bbox 201 3016 1372 3092; baseline 0.002 -22"><span class='ocrx_word' id='word_1_256' title='bbox 201 3017 305 3070; x_wconf 86' lang='lat' dir='ltr'>senden</span> <span class='ocrx_word' id='word_1_257' title='bbox 324 3016 410 3070; x_wconf 84' lang='lat' dir='ltr'>Verse</span> <span class='ocrx_word' id='word_1_258' title='bbox 431 3018 558 3070; x_wconf 69' lang='lat' dir='ltr'>emulare</span> <span class='ocrx_word' id='word_1_259' title='bbox 576 3047 608 3054; x_wconf 96' lang='lat'><em>-</em></span> <span class='ocrx_word' id='word_1_260' title='bbox 624 3019 760 3092; x_wconf 60' lang='lat' dir='ltr'>mimici</span> <span class='ocrx_word' id='word_1_261' title='bbox 812 3018 924 3073; x_wconf 81' lang='lat' dir='ltr'>auidis</span> <span class='ocrx_word' id='word_1_262' title='bbox 945 3025 968 3074; x_wconf 92' lang='lat'>1.</span> <span class='ocrx_word' id='word_1_263' title='bbox 986 3037 1013 3088; x_wconf 89' lang='lat' dir='ltr'>p.</span> <span class='ocrx_word' id='word_1_264' title='bbox 1033 3018 1102 3088; x_wconf 80' lang='lat' dir='ltr'>sing.</span> <span class='ocrx_word' id='word_1_265' title='bbox 1120 3019 1297 3074; x_wconf 71' lang='lat' dir='ltr'>besehrankt</span> <span class='ocrx_word' id='word_1_266' title='bbox 1335 3017 1372 3072; x_wconf 78' lang='lat' dir='ltr'>Es</span> 
     </span>
     <span class='ocr_line' id='line_1_32' title="bbox 201 3087 1372 3160; baseline 0.002 -19"><span class='ocrx_word' id='word_1_267' title='bbox 201 3087 380 3141; x_wconf 85' lang='lat' dir='ltr'>euthaltenen</span> <span class='ocrx_word' id='word_1_268' title='bbox 399 3087 491 3156; x_wconf 79' lang='lat' dir='ltr'>Klege</span> <span class='ocrx_word' id='word_1_269' title='bbox 512 3088 582 3142; x_wconf 82' lang='lat' dir='ltr'>iiber</span> <span class='ocrx_word' id='word_1_270' title='bbox 605 3087 686 3142; x_wconf 86' lang='lat' dir='ltr'>einen</span> <span class='ocrx_word' id='word_1_271' title='bbox 709 3107 758 3142; x_wconf 93' lang='lat' dir='ltr'>un-</span> <span class='ocrx_word' id='word_1_272' title='bbox 811 3089 882 3144; x_wconf 89' lang='lat' dir='ltr'>liebt</span> <span class='ocrx_word' id='word_1_273' title='bbox 899 3091 945 3144; x_wconf 90' lang='lat' dir='ltr'>die</span> <span class='ocrx_word' id='word_1_274' title='bbox 963 3088 1189 3158; x_wconf 77' lang='lat' dir='ltr'>Stellung’mehr</span> <span class='ocrx_word' id='word_1_275' title='bbox 1206 3089 1246 3142; x_wconf 90' lang='lat' dir='ltr'>im</span> <span class='ocrx_word' id='word_1_276' title='bbox 1259 3088 1372 3160; x_wconf 80' lang='lat' dir='ltr'>Anfeng</span> 
     </span>
     <span class='ocr_line' id='line_1_33' title="bbox 200 3158 1371 3231; baseline 0.003 -20"><span class='ocrx_word' id='word_1_277' title='bbox 200 3158 315 3222; x_wconf 73' lang='lat' dir='ltr'>gerecht</span> <span class='ocrx_word' id='word_1_278' title='bbox 333 3158 512 3212; x_wconf 86' lang='lat' dir='ltr'>Verbannten</span> <span class='ocrx_word' id='word_1_279' title='bbox 537 3158 599 3212; x_wconf 89' lang='lat' dir='ltr'>eine</span> <span class='ocrx_word' id='word_1_280' title='bbox 625 3175 656 3212; x_wconf 94' lang='lat' dir='ltr'>so</span> <span class='ocrx_word' id='word_1_281' title='bbox 674 3159 758 3228; x_wconf 80' lang='lat' dir='ltr'>greis·</span> <span class='ocrx_word' id='word_1_282' title='bbox 811 3161 860 3214; x_wconf 82' lang='lat' dir='ltr'>des</span> <span class='ocrx_word' id='word_1_283' title='bbox 883 3160 979 3214; x_wconf 82' lang='lat' dir='ltr'>Sataes</span> <span class='ocrx_word' id='word_1_284' title='bbox 1004 3160 1071 3215; x_wconf 92' lang='lat' dir='ltr'>oder</span> <span class='ocrx_word' id='word_1_285' title='bbox 1098 3160 1276 3229; x_wconf 76' lang='lat' dir='ltr'>Setagliedes.</span> <span class='ocrx_word' id='word_1_286' title='bbox 1298 3161 1302 3231; x_wconf 84' lang='grc' dir='ltr'>Ι</span> <span class='ocrx_word' id='word_1_287' title='bbox 1322 3161 1371 3214; x_wconf 84' lang='lat' dir='ltr'>ed-</span> 
     </span>
     <span class='ocr_line' id='line_1_34' title="bbox 200 3228 1021 3298; baseline 0.004 -16"><span class='ocrx_word' id='word_1_288' title='bbox 200 3229 266 3282; x_wconf 84' lang='lat' dir='ltr'>bare</span> <span class='ocrx_word' id='word_1_289' title='bbox 294 3229 453 3297; x_wconf 80' lang='lat' dir='ltr'>Beaiehung</span> <span class='ocrx_word' id='word_1_290' title='bbox 479 3229 530 3283; x_wconf 81' lang='lat' dir='ltr'>auf</span> <span class='ocrx_word' id='word_1_291' title='bbox 555 3228 662 3296; x_wconf 83' lang='lat' dir='ltr'>Cicero,</span> <span class='ocrx_word' id='word_1_292' title='bbox 693 3231 758 3283; x_wconf 82' lang='lat' dir='ltr'>dees</span> <span class='ocrx_word' id='word_1_293' title='bbox 811 3232 938 3298; x_wconf 67' lang='lat' dir='ltr'>secuml,</span> <span class='ocrx_word' id='word_1_294' title='bbox 958 3235 1021 3297; x_wconf 68' lang='lat' dir='ltr'>ts!</span> 
     </span>
    </p>

    <p class='ocr_par' dir='ltr' id='par_1_4' title="bbox 197 3299 1422 4507">
     <span class='ocr_line' id='line_1_35' title="bbox 200 3299 1422 3371; baseline 0.002 -20"><span class='ocrx_word' id='word_1_295' title='bbox 200 3315 265 3352; x_wconf 83' lang='lat' dir='ltr'>man</span> <span class='ocrx_word' id='word_1_296' title='bbox 275 3316 362 3368; x_wconf 78' lang='lat' dir='ltr'>sagon</span> <span class='ocrx_word' id='word_1_297' title='bbox 375 3299 488 3366; x_wconf 72' lang='lat' dir='ltr'>licente,</span> <span class='ocrx_word' id='word_1_298' title='bbox 504 3299 605 3353; x_wconf 84' lang='lat' dir='ltr'>Accius</span> <span class='ocrx_word' id='word_1_299' title='bbox 618 3300 691 3355; x_wconf 83' lang='lat' dir='ltr'>hsbe</span> <span class='ocrx_word' id='word_1_300' title='bbox 704 3300 759 3354; x_wconf 92' lang='lat' dir='ltr'>den</span> <span class='ocrx_word' id='word_1_301' title='bbox 846 3307 872 3356; x_wconf 78' lang='lat' dir='ltr'>et</span> <span class='ocrx_word' id='word_1_302' title='bbox 890 3303 991 3370; x_wconf 79' lang='lat' dir='ltr'>gehtrt</span> <span class='ocrx_word' id='word_1_303' title='bbox 1007 3303 1060 3356; x_wconf 79' lang='lat' dir='ltr'>wie</span> <span class='ocrx_word' id='word_1_304' title='bbox 1078 3303 1209 3371; x_wconf 77' lang='lat' dir='ltr'>quereiam</span> <span class='ocrx_word' id='word_1_305' title='bbox 1225 3321 1261 3355; x_wconf 82' lang='lat' dir='ltr'>au</span> <span class='ocrx_word' id='word_1_306' title='bbox 1279 3302 1422 3356; x_wconf 75' lang='lat' dir='ltr'>einem123</span> 
     </span>
     <span class='ocr_line' id='line_1_36' title="bbox 200 3367 1371 3440; baseline 0.004 -19"><span class='ocrx_word' id='word_1_307' title='bbox 200 3369 269 3424; x_wconf 84' lang='lat' dir='ltr'>Vere</span> <span class='ocrx_word' id='word_1_308' title='bbox 282 3369 326 3423; x_wconf 80' lang='lat' dir='ltr'>fiir</span> <span class='ocrx_word' id='word_1_309' title='bbox 339 3370 388 3424; x_wconf 91' lang='lat' dir='ltr'>ihn</span> <span class='ocrx_word' id='word_1_310' title='bbox 402 3369 596 3440; x_wconf 71' lang='lat' dir='ltr'>gesehriebem</span> <span class='ocrx_word' id='word_1_311' title='bbox 607 3370 758 3440; x_wconf 85' lang='lat' dir='ltr'>jedenfalls</span> <span class='ocrx_word' id='word_1_312' title='bbox 811 3367 1062 3428; x_wconf 81' lang='lat' dir='ltr'>versehw&#39;ebenden</span> <span class='ocrx_word' id='word_1_313' title='bbox 1082 3373 1136 3427; x_wconf 91' lang='lat' dir='ltr'>hoc</span> <span class='ocrx_word' id='word_1_314' title='bbox 1153 3372 1224 3428; x_wconf 87' lang='lat' dir='ltr'>dice.</span> <span class='ocrx_word' id='word_1_315' title='bbox 1241 3376 1245 3440; x_wconf 84' lang='grc' dir='ltr'>Ι</span> <span class='ocrx_word' id='word_1_316' title='bbox 1260 3374 1371 3427; x_wconf 72' lang='lat' dir='ltr'>histrio:</span> 
     </span>
     <span class='ocr_line' id='line_1_37' title="bbox 199 3440 1372 3515; baseline 0.003 -21"><span class='ocrx_word' id='word_1_317' title='bbox 199 3441 311 3494; x_wconf 83' lang='lat' dir='ltr'>wandte</span> <span class='ocrx_word' id='word_1_318' title='bbox 323 3441 372 3494; x_wconf 87' lang='lat' dir='ltr'>ihu</span> <span class='ocrx_word' id='word_1_319' title='bbox 383 3443 510 3510; x_wconf 86' lang='lat' dir='ltr'>Aesepus</span> <span class='ocrx_word' id='word_1_320' title='bbox 523 3440 677 3496; x_wconf 82' lang='lat' dir='ltr'>aufOieere</span> <span class='ocrx_word' id='word_1_321' title='bbox 691 3459 735 3496; x_wconf 87' lang='lat' dir='ltr'>an.</span> <span class='ocrx_word' id='word_1_322' title='bbox 751 3442 755 3515; x_wconf 70' lang='lat' dir='ltr'>l</span> <span class='ocrx_word' id='word_1_323' title='bbox 811 3444 944 3498; x_wconf 75' lang='lat' dir='ltr'>wahrend</span> <span class='ocrx_word' id='word_1_324' title='bbox 962 3443 1156 3514; x_wconf 83' lang='lat' dir='ltr'>Schaespieler</span> <span class='ocrx_word' id='word_1_325' title='bbox 1180 3445 1238 3498; x_wconf 87' lang='lat' dir='ltr'>und</span> <span class='ocrx_word' id='word_1_326' title='bbox 1256 3443 1372 3498; x_wconf 86' lang='lat' dir='ltr'>Dichter</span> 
     </span>
     <span class='ocr_line' id='line_1_38' title="bbox 200 3512 1370 3582; baseline 0.004 -17"><span class='ocrx_word' id='word_1_327' title='bbox 200 3513 266 3580; x_wconf 70' lang='lat' dir='ltr'>cpit,</span> <span class='ocrx_word' id='word_1_328' title='bbox 297 3512 416 3566; x_wconf 85' lang='lat' dir='ltr'>absolut.</span> <span class='ocrx_word' id='word_1_329' title='bbox 441 3515 444 3578; x_wconf 90' lang='grc' dir='ltr'>Ι</span> <span class='ocrx_word' id='word_1_330' title='bbox 470 3517 559 3577; x_wconf 77' lang='lat' dir='ltr'>actor,</span> <span class='ocrx_word' id='word_1_331' title='bbox 595 3512 698 3567; x_wconf 86' lang='lat' dir='ltr'>wieder</span> <span class='ocrx_word' id='word_1_332' title='bbox 727 3513 758 3567; x_wconf 91' lang='lat' dir='ltr'>in</span> <span class='ocrx_word' id='word_1_333' title='bbox 811 3515 856 3569; x_wconf 74' lang='lat' dir='ltr'>ier</span> <span class='ocrx_word' id='word_1_334' title='bbox 886 3515 962 3569; x_wconf 88' lang='lat' dir='ltr'>mich</span> <span class='ocrx_word' id='word_1_335' title='bbox 992 3515 1146 3582; x_wconf 73' lang='lat' dir='ltr'>austraten,</span> <span class='ocrx_word' id='word_1_336' title='bbox 1182 3515 1293 3570; x_wconf 86' lang='lat' dir='ltr'>blieben</span> <span class='ocrx_word' id='word_1_337' title='bbox 1325 3515 1370 3570; x_wconf 88' lang='lat' dir='ltr'>die</span> 
     </span>
     <span class='ocr_line' id='line_1_39' title="bbox 199 3582 1371 3658; baseline 0.003 -22"><span class='ocrx_word' id='word_1_338' title='bbox 199 3583 346 3651; x_wconf 88' lang='lat' dir='ltr'>doppelter</span> <span class='ocrx_word' id='word_1_339' title='bbox 358 3582 525 3653; x_wconf 82' lang='lat' dir='ltr'>Bedeutung</span> <span class='ocrx_word' id='word_1_340' title='bbox 538 3582 591 3637; x_wconf 84' lang='lat' dir='ltr'>wie</span> <span class='ocrx_word' id='word_1_341' title='bbox 606 3583 665 3652; x_wconf 86' lang='lat' dir='ltr'>egit</span> <span class='ocrx_word' id='word_1_342' title='bbox 679 3590 737 3640; x_wconf 77' lang='lat'>120.</span> <span class='ocrx_word' id='word_1_343' title='bbox 752 3584 755 3656; x_wconf 74' lang='lat' dir='ltr'>l</span> <span class='ocrx_word' id='word_1_344' title='bbox 811 3586 938 3656; x_wconf 72' lang='lat' dir='ltr'>Htupter</span> <span class='ocrx_word' id='word_1_345' title='bbox 946 3586 996 3640; x_wconf 86' lang='lat' dir='ltr'>des</span> <span class='ocrx_word' id='word_1_346' title='bbox 1006 3585 1116 3640; x_wconf 73' lang='lat' dir='ltr'>Stratos</span> <span class='ocrx_word' id='word_1_347' title='bbox 1126 3590 1237 3641; x_wconf 89' lang='lat' dir='ltr'>stumm.</span> <span class='ocrx_word' id='word_1_348' title='bbox 1249 3586 1253 3658; x_wconf 74' lang='lat' dir='ltr'>l</span> <span class='ocrx_word' id='word_1_349' title='bbox 1264 3587 1371 3653; x_wconf 73' lang='lat' dir='ltr'>tortere,</span> 
     </span>
     <span class='ocr_line' id='line_1_40' title="bbox 199 3653 1371 3728; baseline 0.005 -23"><span class='ocrx_word' id='word_1_350' title='bbox 199 3654 284 3720; x_wconf 72' lang='lat' dir='ltr'>fuerit</span> <span class='ocrx_word' id='word_1_351' title='bbox 296 3653 375 3707; x_wconf 88' lang='lat' dir='ltr'>nieht</span> <span class='ocrx_word' id='word_1_352' title='bbox 387 3654 459 3708; x_wconf 89' lang='lat' dir='ltr'>nach</span> <span class='ocrx_word' id='word_1_353' title='bbox 473 3655 626 3720; x_wconf 68' lang='lat' dir='ltr'>medietate,</span> <span class='ocrx_word' id='word_1_354' title='bbox 640 3655 758 3710; x_wconf 82' lang='lat' dir='ltr'>rondern</span> <span class='ocrx_word' id='word_1_355' title='bbox 811 3675 847 3711; x_wconf 83' lang='lat' dir='ltr'>an</span> <span class='ocrx_word' id='word_1_356' title='bbox 857 3674 887 3712; x_wconf 92' lang='lat' dir='ltr'>so</span> <span class='ocrx_word' id='word_1_357' title='bbox 902 3657 957 3712; x_wconf 88' lang='lat' dir='ltr'>viel</span> <span class='ocrx_word' id='word_1_358' title='bbox 967 3656 1080 3712; x_wconf 84' lang='lat' dir='ltr'>Stellae.</span> <span class='ocrx_word' id='word_1_359' title='bbox 1094 3657 1097 3728; x_wconf 74' lang='lat' dir='ltr'>l</span> <span class='ocrx_word' id='word_1_360' title='bbox 1109 3658 1236 3722; x_wconf 78' lang='lat' dir='ltr'>detenter,</span> <span class='ocrx_word' id='word_1_361' title='bbox 1252 3663 1311 3713; x_wconf 77' lang='lat'>120.</span> <span class='ocrx_word' id='word_1_362' title='bbox 1324 3657 1327 3728; x_wconf 73' lang='lat' dir='ltr'>l</span> <span class='ocrx_word' id='word_1_363' title='bbox 1339 3664 1371 3711; x_wconf 80' lang='lat' dir='ltr'>ut</span> 
     </span>
     <span class='ocr_line' id='line_1_41' title="bbox 198 3724 1368 3797; baseline 0.005 -19"><span class='ocrx_word' id='word_1_364' title='bbox 198 3724 271 3778; x_wconf 84' lang='lat' dir='ltr'>nach</span> <span class='ocrx_word' id='word_1_365' title='bbox 306 3724 356 3777; x_wconf 90' lang='lat' dir='ltr'>der</span> <span class='ocrx_word' id='word_1_366' title='bbox 391 3725 420 3778; x_wconf 90' lang='lat' dir='ltr'>in</span> <span class='ocrx_word' id='word_1_367' title='bbox 453 3731 570 3793; x_wconf 76' lang='lat' dir='ltr'>persecet</span> <span class='ocrx_word' id='word_1_368' title='bbox 602 3726 758 3781; x_wconf 77' lang='lat' dir='ltr'>hervertre·</span> <span class='ocrx_word' id='word_1_369' title='bbox 811 3730 908 3797; x_wconf 78' lang='lat' dir='ltr'>impert.</span> <span class='ocrx_word' id='word_1_370' title='bbox 924 3728 1252 3783; x_wconf 80' lang='lat' dir='ltr'>beriehtsiehniehtaui</span> <span class='ocrx_word' id='word_1_371' title='bbox 1264 3730 1368 3794; x_wconf 76' lang='lat' dir='ltr'>totiens,</span> 
     </span>
     <span class='ocr_line' id='line_1_42' title="bbox 198 3793 1369 3868; baseline 0.005 -19"><span class='ocrx_word' id='word_1_372' title='bbox 198 3795 301 3850; x_wconf 87' lang='lat' dir='ltr'>tenden</span> <span class='ocrx_word' id='word_1_373' title='bbox 316 3793 483 3865; x_wconf 79' lang='lat' dir='ltr'>Gegenwnrt</span> <span class='ocrx_word' id='word_1_374' title='bbox 501 3796 549 3851; x_wconf 87' lang='lat' dir='ltr'>des</span> <span class='ocrx_word' id='word_1_375' title='bbox 565 3797 759 3867; x_wconf 85' lang='lat' dir='ltr'>Sprechenden</span> <span class='ocrx_word' id='word_1_376' title='bbox 812 3801 930 3854; x_wconf 86' lang='lat' dir='ltr'>sendsrn</span> <span class='ocrx_word' id='word_1_377' title='bbox 944 3799 1054 3853; x_wconf 76' lang='lat' dir='ltr'>auida:</span> <span class='ocrx_word' id='word_1_378' title='bbox 1065 3799 1203 3868; x_wconf 82' lang='lat' dir='ltr'>jedesmel</span> <span class='ocrx_word' id='word_1_379' title='bbox 1216 3798 1282 3852; x_wconf 81' lang='lat' dir='ltr'>lices</span> <span class='ocrx_word' id='word_1_380' title='bbox 1294 3801 1369 3855; x_wconf 80' lang='lat' dir='ltr'>aeine</span> 
     </span>
     <span class='ocr_line' id='line_1_43' title="bbox 199 3866 1368 3938; baseline 0.005 -18"><span class='ocrx_word' id='word_1_381' title='bbox 199 3866 362 3932; x_wconf 72' lang='lat' dir='ltr'>construirt3</span> <span class='ocrx_word' id='word_1_382' title='bbox 387 3883 413 3935; x_wconf 89' lang='lat' dir='ltr'>p.</span> <span class='ocrx_word' id='word_1_383' title='bbox 438 3867 561 3922; x_wconf 78' lang='lat' dir='ltr'>Balbos</span> <span class='ocrx_word' id='word_1_384' title='bbox 581 3885 654 3936; x_wconf 84' lang='lat' dir='ltr'>ques</span> <span class='ocrx_word' id='word_1_385' title='bbox 675 3868 760 3922; x_wconf 85' lang='lat' dir='ltr'>fuerit</span> <span class='ocrx_word' id='word_1_386' title='bbox 811 3869 1069 3924; x_wconf 80' lang='lat' dir='ltr'>leidenschaftliche</span> <span class='ocrx_word' id='word_1_387' title='bbox 1100 3869 1265 3938; x_wconf 81' lang='lat' dir='ltr'>Aufregung</span> <span class='ocrx_word' id='word_1_388' title='bbox 1294 3871 1368 3926; x_wconf 89' lang='lat' dir='ltr'>seine</span> 
     </span>
     <span class='ocr_line' id='line_1_44' title="bbox 198 3936 1369 4008; baseline 0.003 -17"><span class='ocrx_word' id='word_1_389' title='bbox 198 3938 328 3992; x_wconf 88' lang='lat' dir='ltr'>hesterno</span> <span class='ocrx_word' id='word_1_390' title='bbox 359 3937 404 3992; x_wconf 88' lang='lat' dir='ltr'>die</span> <span class='ocrx_word' id='word_1_391' title='bbox 424 3936 471 3992; x_wconf 79' lang='lat' dir='ltr'>On.</span> <span class='ocrx_word' id='word_1_392' title='bbox 495 3938 613 4007; x_wconf 89' lang='lat' dir='ltr'>Pompei</span> <span class='ocrx_word' id='word_1_393' title='bbox 634 3939 758 4008; x_wconf 79' lang='lat' dir='ltr'>gravitas</span> <span class='ocrx_word' id='word_1_394' title='bbox 813 3940 929 3994; x_wconf 85' lang='lat' dir='ltr'>Stimme</span> <span class='ocrx_word' id='word_1_395' title='bbox 948 3957 1002 3995; x_wconf 84' lang='lat' dir='ltr'>ven</span> <span class='ocrx_word' id='word_1_396' title='bbox 1020 3939 1150 3993; x_wconf 67' lang='lat' dir='ltr'>Thrtnen</span> <span class='ocrx_word' id='word_1_397' title='bbox 1168 3939 1285 3995; x_wconf 82' lang='lat' dir='ltr'>erstielrt</span> <span class='ocrx_word' id='word_1_398' title='bbox 1302 3959 1369 3995; x_wconf 87' lang='lat' dir='ltr'>wer-</span> 
     </span>
     <span class='ocr_line' id='line_1_45' title="bbox 198 4007 1370 4082; baseline 0.003 -20"><span class='ocrx_word' id='word_1_399' title='bbox 198 4009 228 4062; x_wconf 89' lang='lat' dir='ltr'>in</span> <span class='ocrx_word' id='word_1_400' title='bbox 252 4009 382 4075; x_wconf 89' lang='lat' dir='ltr'>dicendo,</span> <span class='ocrx_word' id='word_1_401' title='bbox 404 4007 551 4078; x_wconf 82' lang='lat' dir='ltr'>perspicua</span> <span class='ocrx_word' id='word_1_402' title='bbox 574 4010 759 4066; x_wconf 86' lang='lat' dir='ltr'>admiratione</span> <span class='ocrx_word' id='word_1_403' title='bbox 812 4012 873 4066; x_wconf 89' lang='lat' dir='ltr'>den.</span> <span class='ocrx_word' id='word_1_404' title='bbox 891 4013 895 4076; x_wconf 84' lang='grc' dir='ltr'>Ι</span> <span class='ocrx_word' id='word_1_405' title='bbox 911 4011 1024 4079; x_wconf 68' lang='lat' dir='ltr'>ternpore?</span> <span class='ocrx_word' id='word_1_406' title='bbox 1037 4026 1102 4076; x_wconf 85' lang='lat' dir='ltr'>mee,</span> <span class='ocrx_word' id='word_1_407' title='bbox 1116 4011 1222 4065; x_wconf 88' lang='lat' dir='ltr'>meiner</span> <span class='ocrx_word' id='word_1_408' title='bbox 1233 4012 1370 4082; x_wconf 78' lang='lat' dir='ltr'>ungldck·</span> 
     </span>
     <span class='ocr_line' id='line_1_46' title="bbox 199 4079 1369 4152; baseline 0.004 -20"><span class='ocrx_word' id='word_1_409' title='bbox 199 4079 335 4134; x_wconf 83' lang='lat' dir='ltr'>declarari</span> <span class='ocrx_word' id='word_1_410' title='bbox 361 4079 518 4135; x_wconf 84' lang='lat' dir='ltr'>videbatur.</span> <span class='ocrx_word' id='word_1_411' title='bbox 549 4080 585 4134; x_wconf 85' lang='lat' dir='ltr'>ad</span> <span class='ocrx_word' id='word_1_412' title='bbox 616 4081 682 4135; x_wconf 81' lang='lat' dir='ltr'>iam.</span> <span class='ocrx_word' id='word_1_413' title='bbox 717 4087 758 4146; x_wconf 85' lang='lat'>13,</span> <span class='ocrx_word' id='word_1_414' title='bbox 812 4082 904 4138; x_wconf 87' lang='lat' dir='ltr'>lichen</span> <span class='ocrx_word' id='word_1_415' title='bbox 918 4082 1002 4152; x_wconf 81' lang='lat' dir='ltr'>Lege.</span> <span class='ocrx_word' id='word_1_416' title='bbox 1032 4087 1065 4135; x_wconf 80' lang='lat'>14</span> <span class='ocrx_word' id='word_1_417' title='bbox 1079 4099 1115 4137; x_wconf 90' lang='lat' dir='ltr'>m.</span> <span class='ocrx_word' id='word_1_418' title='bbox 1131 4088 1164 4136; x_wconf 82' lang='grc'>63</span> <span class='ocrx_word' id='word_1_419' title='bbox 1178 4100 1216 4137; x_wconf 92' lang='lat' dir='ltr'>m.</span> <span class='ocrx_word' id='word_1_420' title='bbox 1233 4084 1237 4150; x_wconf 79' lang='grc' dir='ltr'>Ι</span> <span class='ocrx_word' id='word_1_421' title='bbox 1252 4083 1369 4148; x_wconf 82' lang='lat' dir='ltr'>Brutus,</span> 
     </span>
     <span class='ocr_line' id='line_1_47' title="bbox 199 4150 1369 4222; baseline 0.003 -18"><span class='ocrx_word' id='word_1_422' title='bbox 199 4156 215 4204; x_wconf 83' lang='grc'><strong>6</strong></span> <span class='ocrx_word' id='word_1_423' title='bbox 238 4166 264 4217; x_wconf 88' lang='lat' dir='ltr'>a,</span> <span class='ocrx_word' id='word_1_424' title='bbox 290 4156 307 4204; x_wconf 80' lang='lat'>4</span> <span class='ocrx_word' id='word_1_425' title='bbox 326 4168 397 4219; x_wconf 87' lang='lat' dir='ltr'>quae</span> <span class='ocrx_word' id='word_1_426' title='bbox 416 4152 553 4220; x_wconf 85' lang='lat' dir='ltr'>quantum</span> <span class='ocrx_word' id='word_1_427' title='bbox 565 4150 596 4204; x_wconf 94' lang='lat' dir='ltr'>in</span> <span class='ocrx_word' id='word_1_428' title='bbox 612 4151 774 4220; x_wconf 84' lang='lat' dir='ltr'>provincia·</span> <span class='ocrx_word' id='word_1_429' title='bbox 812 4153 874 4208; x_wconf 88' lang='lat' dir='ltr'>eine</span> <span class='ocrx_word' id='word_1_430' title='bbox 892 4151 1030 4222; x_wconf 77' lang='lat' dir='ltr'>Tragedie</span> <span class='ocrx_word' id='word_1_431' title='bbox 1055 4152 1105 4207; x_wconf 86' lang='lat' dir='ltr'>des</span> <span class='ocrx_word' id='word_1_432' title='bbox 1123 4155 1224 4208; x_wconf 80' lang='lat' dir='ltr'>Accius</span> <span class='ocrx_word' id='word_1_433' title='bbox 1245 4170 1301 4208; x_wconf 81' lang='lat' dir='ltr'>ron</span> <span class='ocrx_word' id='word_1_434' title='bbox 1319 4155 1369 4207; x_wconf 91' lang='lat' dir='ltr'>der</span> 
     </span>
     <span class='ocr_line' id='line_1_48' title="bbox 198 4220 1368 4294; baseline 0.003 -19"><span class='ocrx_word' id='word_1_435' title='bbox 198 4220 325 4288; x_wconf 81' lang='lat' dir='ltr'>valeant,</span> <span class='ocrx_word' id='word_1_436' title='bbox 344 4222 447 4277; x_wconf 83' lang='lat' dir='ltr'>vellem</span> <span class='ocrx_word' id='word_1_437' title='bbox 464 4225 594 4292; x_wconf 88' lang='lat' dir='ltr'>expertus</span> <span class='ocrx_word' id='word_1_438' title='bbox 613 4239 685 4290; x_wconf 89' lang='lat' dir='ltr'>esse,</span> <span class='ocrx_word' id='word_1_439' title='bbox 709 4224 759 4277; x_wconf 85' lang='lat' dir='ltr'>aad</span> <span class='ocrx_word' id='word_1_440' title='bbox 812 4223 938 4294; x_wconf 77' lang='lat' dir='ltr'>Gattung</span> <span class='ocrx_word' id='word_1_441' title='bbox 955 4224 1005 4277; x_wconf 86' lang='lat' dir='ltr'>der</span> <span class='ocrx_word' id='word_1_442' title='bbox 1022 4228 1198 4293; x_wconf 68' lang='lat' dir='ltr'>praetextae,</span> <span class='ocrx_word' id='word_1_443' title='bbox 1217 4223 1263 4279; x_wconf 91' lang='lat' dir='ltr'>die</span> <span class='ocrx_word' id='word_1_444' title='bbox 1282 4223 1368 4279; x_wconf 83' lang='lat' dir='ltr'>Steffe</span> 
     </span>
     <span class='ocr_line' id='line_1_49' title="bbox 198 4293 1368 4362; baseline 0.004 -17"><span class='ocrx_word' id='word_1_445' title='bbox 198 4294 293 4346; x_wconf 86' lang='lat' dir='ltr'>tamen</span> <span class='ocrx_word' id='word_1_446' title='bbox 307 4294 444 4362; x_wconf 61' lang='lat' dir='ltr'>auspicem</span> <span class='ocrx_word' id='word_1_447' title='bbox 462 4293 499 4348; x_wconf 90' lang='lat' dir='ltr'>da</span> <span class='ocrx_word' id='word_1_448' title='bbox 556 4311 591 4348; x_wconf 90' lang='lat' dir='ltr'>en</span> <span class='ocrx_word' id='word_1_449' title='bbox 604 4293 681 4349; x_wconf 85' lang='lat' dir='ltr'>Verr.</span> <span class='ocrx_word' id='word_1_450' title='bbox 700 4311 757 4350; x_wconf 85' lang='lat' dir='ltr'>acc.</span> <span class='ocrx_word' id='word_1_451' title='bbox 812 4311 862 4350; x_wconf 88' lang='lat' dir='ltr'>aes</span> <span class='ocrx_word' id='word_1_452' title='bbox 883 4295 932 4350; x_wconf 89' lang='lat' dir='ltr'>der</span> <span class='ocrx_word' id='word_1_453' title='bbox 954 4296 1112 4350; x_wconf 78' lang='lat' dir='ltr'>romischen</span> <span class='ocrx_word' id='word_1_454' title='bbox 1135 4294 1299 4350; x_wconf 80' lang='lat' dir='ltr'>Geschichte</span> <span class='ocrx_word' id='word_1_455' title='bbox 1322 4297 1368 4350; x_wconf 89' lang='lat' dir='ltr'>be-</span> 
     </span>
     <span class='ocr_line' id='line_1_50' title="bbox 199 4363 1369 4436; baseline 0.003 -21"><span class='ocrx_word' id='word_1_456' title='bbox 199 4367 285 4427; x_wconf 72' lang='lat'><strong>15⁷5</strong></span> <span class='ocrx_word' id='word_1_457' title='bbox 299 4363 328 4416; x_wconf 89' lang='lat' dir='ltr'>in</span> <span class='ocrx_word' id='word_1_458' title='bbox 342 4363 436 4417; x_wconf 80' lang='lat' dir='ltr'>iliare</span> <span class='ocrx_word' id='word_1_459' title='bbox 451 4365 520 4433; x_wconf 88' lang='lat' dir='ltr'>quid</span> <span class='ocrx_word' id='word_1_460' title='bbox 580 4367 761 4436; x_wconf 85' lang='lat' dir='ltr'>erepotuerit</span> <span class='ocrx_word' id='word_1_461' title='bbox 811 4367 970 4421; x_wconf 82' lang='lat' dir='ltr'>handelten.</span> <span class='ocrx_word' id='word_1_462' title='bbox 999 4369 1003 4434; x_wconf 82' lang='grc' dir='ltr'>Ι</span> <span class='ocrx_word' id='word_1_463' title='bbox 1035 4367 1156 4431; x_wconf 73' lang='lat' dir='ltr'>Tulliae,</span> <span class='ocrx_word' id='word_1_464' title='bbox 1192 4365 1242 4419; x_wconf 88' lang='lat' dir='ltr'>der</span> <span class='ocrx_word' id='word_1_465' title='bbox 1276 4365 1369 4434; x_wconf 80' lang='lat' dir='ltr'>Konig</span> 
     </span>
     <span class='ocr_line' id='line_1_51' title="bbox 197 4434 1367 4507; baseline 0.004 -21"><span class='ocrx_word' id='word_1_466' title='bbox 197 4449 253 4488; x_wconf 88' lang='lat' dir='ltr'>nen</span> <span class='ocrx_word' id='word_1_467' title='bbox 266 4434 390 4489; x_wconf 86' lang='lat' dir='ltr'>habebat</span> <span class='ocrx_word' id='word_1_468' title='bbox 406 4436 579 4504; x_wconf 85' lang='lat' dir='ltr'>istpetuerit</span> <span class='ocrx_word' id='word_1_469' title='bbox 593 4434 758 4506; x_wconf 84' lang='lat' dir='ltr'>Conjenetiv</span> <span class='ocrx_word' id='word_1_470' title='bbox 812 4436 923 4494; x_wconf 82' lang='lat' dir='ltr'>Servius</span> <span class='ocrx_word' id='word_1_471' title='bbox 945 4436 1061 4492; x_wconf 81' lang='lat' dir='ltr'>Tullius.</span> <span class='ocrx_word' id='word_1_472' title='bbox 1084 4436 1288 4507; x_wconf 54' lang='lat' dir='ltr'>[stabiliverat</span> <span class='ocrx_word' id='word_1_473' title='bbox 1317 4444 1367 4491; x_wconf 78' lang='lat'>143</span> 
     </span>
    </p>
   </div>
   <div class='ocr_carea' id='block_1_4' title="bbox 0 0 1518 4876">
    <p class='ocr_par' dir='ltr' id='par_1_5' title="bbox 0 0 1518 4876">
     <span class='ocr_line' id='line_1_52' title="bbox 0 0 1518 4876; baseline 0 3"><span class='ocrx_word' id='word_1_474' title='bbox 0 0 1518 4876; x_wconf 95' lang='lat' dir='ltr'> </span> 
     </span>
    </p>
   </div>
  </div>
 </body>
</html>
