3026 4876
197 255 240 319 62
399 317 402 322 ,
590 255 629 312 Μ.
650 255 777 310 TULLII
796 254 988 311 CICERONIS

193 421 383 520 summitas,
416 418 529 519 leges,
548 439 620 483 mos
652 419 823 501 maiorum,
859 416 991 500 iudicia,
1026 418 1106 482 iuris
1139 417 1252 503 dictio,
1282 419 1361 484 fides
1371 424 1378 478 ’.

140 523 174 573 99
193 527 387 591 prounoiae,
411 527 498 589 secu,
520 506 647 589 rmperii
669 507 756 588 leus,
777 527 829 569 res
852 505 1016 590 militaris,
1040 507 1208 571 aerarium.
1253 471 1371 572 haruni

192 616 301 697 rerum
323 597 375 659 tot
399 597 494 678 atque
513 597 678 696 tantarum
697 615 768 658 esse
786 593 987 659 defensorem
1011 597 1044 658 et
1065 598 1238 677 patronum
1258 597 1369 682 magni

193 705 293 752 ammi
321 685 383 784 est,
412 702 524 766 magm
554 682 676 766 ingenii
704 702 906 767 magnaeque
933 682 1145 748 constantiae.
1187 685 1306 748 etenim
1334 685 1369 749 in

192 775 284 836 tanto
317 792 436 836 crurum
467 791 602 835 numero
633 790 754 856 magna
783 770 955 835 multitudo
987 774 1037 835 est
1068 792 1193 856 eorum,
1226 771 1280 856 qui
1313 777 1369 837 aut
1383 791 1405 831 5.

192 862 464 961 proptermetum
478 880 603 942 poenae
625 862 831 942 peccatorum
850 880 981 924 suorum
996 859 1118 924 conscii
1136 881 1240 925 novos
1259 845 1368 926 motus

193 968 482 1049 conversionesque
500 947 713 1030 reipublicae
737 951 902 1032 quaerant,
926 951 982 1012 aut
1000 949 1055 1033 qui
1077 951 1211 1033 propter
1233 949 1369 1014 insitum

192 1036 351 1137 quendam
366 1057 466 1100 an1m1
484 1035 627 1137 furorem
641 1035 810 1101 discordiis
825 1036 943 1101 civium
958 1057 995 1101 ac
1013 1031 1361 1120 seditionepascantur

193 1127 249 1190 aut
261 1146 328 1226 ,qur
350 1123 753 1208 propter1mplicationem
771 1124 820 1190 rei
841 1123 1010 1190 familiaris
1034 1126 1197 1191 communi
1218 1087 1369 1191 incendid

191 1212 684 1315 mal1utquamsu0defiagrare3
697 1213 834 1298 quicum
844 1216 991 1279 auctores
1002 1217 1079 1278 sunt
1088 1217 1121 1278 et
1130 1214 1225 1279 duces
1237 1235 1368 1280 suorum
1384 1234 1421 1274 m

193 1301 373 1404 studrorum
387 1304 603 1403 utrorumque
615 1301 737 1383 nancti,
753 1301 787 1364 in
801 1322 835 1364 re
849 1300 980 1385 publica
993 1301 1109 1367 fluctus
1124 1303 1312 1387 excitantur,
1330 1307 1368 1368 ut

191 1390 392 1491 vrgrlandum
417 1393 459 1455 sit
482 1411 537 1473 ers,
549 1389 614 1491 ,qui
633 1390 695 1454 sibi
718 1389 935 1474 gubernacula
956 1391 1082 1474 patriae
1101 1390 1367 1475 depoposcerunt,

193 1479 441 1565 enitendumque
469 1499 556 1544 omnr
587 1478 722 1544 scientia
749 1499 787 1542 ac
810 1477 994 1564 diligentia,
1021 1481 1059 1543 ut
1076 1480 1284 1545 'conservatis
1312 1457 1358 1544 eis

193 1591 275 1657 quae
299 1589 359 1655 ego
382 1567 480 1673 paulo
504 1571 578 1634 ante
601 1567 813 1635 fundamenta
836 1589 873 1634 ac
896 1568 1042 1635 membra
1066 1589 1135 1633 esse
1157 1568 1233 1652 dixi,
1257 1530 1367 1632 teneri

141 1679 321 1761 roccursurn
335 1661 472 1762 possunt
486 1663 519 1724 et
533 1649 645 1746 tepere
669 1659 727 1724 otii
745 1659 837 1723 illum
859 1660 990 1742 portum
1014 1660 1047 1721 et
1060 1656 1237 1742 dignitatis.
1282 1655 1367 1724 hanc
1381 1675 1421 1714 15-

193 1767 254 1833 ego
278 1769 378 1850 uram,
406 1749 542 1833 1ud1ces,
570 1749 599 1812 si
621 1751 678 1814 aut
706 1767 852 1832 asperam
876 1749 973 1832 atque
996 1745 1130 1811 arduam
1157 1747 1215 1809 aut
1235 1745 1366 1828 plenam

193 1859 263 1902 esse
290 1837 506 1940 penculorum
534 1840 591 1901 aut
616 1837 806 1901 insidiarum
832 1855 962 1920 negem,
993 1834 1146 1916 mentiar,
1177 1833 1368 1917 praesertim

193 1948 266 1993 cum
297 1925 331 1990 rd
361 1946 429 1990 non
464 1926 561 1992 modo
597 1925 812 1990 intellexerim
845 1945 983 2008 semper,
1020 1923 1076 1988 sed
1108 1922 1207 1987 etiam
1238 1923 1368 2005 praeter

139 2017 175 2075 47
195 2021 319 2084 ceteros
346 2013 510 2120 senserim.
559 2014 737 2080 maioribus
768 2011 937 2097 praesidiis
968 2014 1001 2076 et
1027 2011 1130 2094 copiis
1161 1993 1367 2094 oppugnatur

193 2129 245 2172 res
268 2106 400 2208 publica
423 2125 520 2207 quam
542 2103 732 2188 defenditur,
754 2104 925 2188 propterea
951 2099 1037 2184 quod
1054 2098 1196 2163 audaces
1219 2097 1368 2163 homines
1381 2116 1419 2154 2⁰*

194 2198 227 2260 et
257 2195 375 2296 perditi⁸
401 2195 484 2294 nutu
510 2193 722 2276 impelluntur
748 2195 781 2257 et
806 2190 871 2275 ipsi
897 2189 995 2255 etiem
1024 2190 1139 2274 sponte
1167 2209 1227 2253 sua
1254 2189 1367 2252 contra

194 2305 262 2348 rem
282 2284 449 2384 publicam
468 2284 657 2365 mcitantur3
681 2279 758 2345 boni
780 2279 889 2346 nescio
908 2301 971 2364 quo
990 2278 1086 2345 modo
1110 2277 1268 2341 tardiores
1291 2278 1368 2339 sunt

195 2375 228 2436 et
240 2392 406 2474 prmo1pus
416 2391 524 2470 rerum
538 2369 693 2454 neglectis
704 2368 744 2432 ad
754 2372 931 2434 extremum
940 2367 1012 2450 ipsa
1026 2366 1164 2450 denique
1173 2363 1366 2429 necessitate

194 2462 388 2560 excitantur,
414 2461 462 2521 1ta
484 2461 524 2559 ut
543 2479 786 2543 nonnumquam
809 2456 1014 2523 cunctatione
1036 2477 1074 2520 ac
1096 2452 1264 2535 tarditate,
1289 2451 1366 2514 dum

195 2551 296 2630 qaum
335 2547 451 2620 uolunt
482 2549 580 2610 etiam
617 2547 686 2611 sine
719 2544 878 2632 dignitate
909 2546 1061 2636 retinere,
1097 2543 1161 2625 ipsi
1197 2544 1367 2623 utrumque
1382 2555 1409 2595 2⁵

196 2709 360 2796 tertullus.
377 2705 668 2794 119999999999,
684 2707 756 2769 raas
811 2687 1023 2766 sabianum
1042 2701 1102 2757 99
1120 2715 1189 2770 gem
1207 2697 1271 2753 uem
1287 2694 1367 2750 999-

195 2803 281 2865 dlctio
303 2783 645 2855 civil-Gerichtsbarlreit.
662 2782 756 2856 19999,
808 2781 909 2836 tivsats
931 2773 1229 2842 999911199911199999
1250 2781 1369 2831 cursans,

194 2873 276 2927 nicht
293 2868 422 2924 dasselbe
437 2865 489 2920 wie
504 2867 538 2932 90
553 2860 620 2915 fides
630 2853 756 2985 publica,
810 2871 831 2909 9.
853 2857 901 2906 101
920 2849 953 2904 Ε.
969 2849 974 2917 1

192 2942 317 3024 frondem
337 2939 398 2994 ‘der
417 2933 538 3000 creditu
559 2924 594 2986 du
613 2947 629 2986 o
653 2972 658 2984 .
677 2935 702 2996 2,
722 2933 756 2983 84
844 2915 927 2993 perii.
941 2918 999 2976 und
1013 2918 1065 2973 ins.
1084 2914 1208 2998 gehtren
1222 2908 1323 2980 gerarte
1338 2907 1442 2961 99100ί

192 3025 249 3072 mec
263 3012 338 3070 enirn
351 3010 412 3065 ulla
424 3025 469 3063 res
480 2998 671 3061 vehementius
686 3015 757 3054 rem·
812 3012 867 3065 eng
885 3005 1045 3048 zusammen
1058 3001 1112 3041 wic
1128 2983 1230 3039 verber
1242 2994 1371 3048 asperam

198 3085 340 3160 publicam
381 3073 507 3137 continet
549 3091 633 3145 quam
675 3071 757 3138 fidem
812 3065 869 3121 und
881 3063 1010 3120 arduam:
1030 3059 1128 3113 darum
1147 3054 1186 3108 ist
1202 3052 1247 3106 fur
1262 3054 1312 3104 out
1320 3063 1372 3104 vor

200 3160 297 3227 Pomp.
318 3161 359 3210 19.
376 3157 381 3220 1
813 3136 896 3192 incid.
921 3132 996 3189 wohl
1015 3131 1046 3184 et
1061 3145 1094 3182 au
1109 3123 1264 3181 schreiben.
1280 3122 1285 3190 1
1301 3135 1372 3174 mea·

146 3231 181 3288 tt
237 3219 469 3284 aaocmoiusfur
478 3221 528 3274 das
537 3212 760 3288 geuthnlicbero
814 3209 880 3273 liar,
899 3205 933 3260 de
951 3194 1200 3269 or.1,145iuhis
1218 3193 1276 3248 lere
1289 3190 1372 3244 rebus

202 3312 361 3355 novasres.
382 3297 495 3364 199199
517 3287 761 3352 conversionesque,
814 3277 905 3335 omnis
935 3273 1054 3328 istorum
1080 3266 1219 3323 artificum
1245 3260 1374 3316 doctrina

204 3371 239 3426 de
257 3368 314 3424 nat.
332 3359 408 3420 deor.
427 3369 453 3431 2,
473 3366 506 3416 15
530 3355 762 3429 aequabilitatem
814 3348 954 3413 versatur,
973 3358 1058 3411 quam
1076 3353 1129 3409 ego
1149 3336 1173 3390 si
1191 3333 1263 3389 nihil
1281 3331 1376 3386 dicum

203 3441 297 3496 motus
322 3433 588 3499 conversionumque
612 3425 691 3481 caeli.
715 3427 720 3492 1
746 3430 760 3478 7
815 3419 961 3482 adiuvare,
979 3410 1106 3467 mentiar.
1123 3411 1128 3478 1
1139 3410 1250 3478 praeter
1268 3407 1375 3466 ceteros,

205 3510 325 3580 999991
347 3506 421 3563 nach
442 3505 507 3559 dem
530 3501 622 3556 ersten
646 3497 763 3565 999999
816 3489 895 3545 nicht
949 3500 998 3539 rac
1035 3479 1147 3547 ceteris,
1179 3470 1377 3542 llll-Seyffert

205 3583 303 3653 durcb'
330 3579 392 3634 eine
432 3575 549 3647 gewisse
588 3564 764 3634 nachltssige
817 3564 907 3628 §188
931 3505 967 3610 it.
983 3557 988 3625 1
1004 3558 1076 3608 actu
1101 3549 1293 3618 impelluntur,
1323 3541 1380 3596 ‘sie

205 3651 360 3708 Abundans
386 3649 436 3703 des
457 3641 616 3700 Ausdruclrs
642 3638 687 3692 fur
714 3635 764 3690 das
817 3628 976 3702 gehorchen
991 3625 1055 3680 dem
1065 3620 1151 3676 Wink
1161 3619 1238 3672 ihrer
1246 3611 1376 3677 Putrem,

190 3721 334 3779 einiuche
356 3721 414 3774 aut.
435 3719 439 3786 1
460 3715 547 3772 animi
569 3711 623 3766 mit
641 3709 765 3763 furorem
818 3702 1007 3771 (11999961
1028 3695 1099 3749 nutu
1118 3688 1194 3760 quod
1212 3685 1290 3742 volet
1312 3698 1391 3738 con·-

207 3791 368 3851 verbunden
386 3787 440 3843 wie
459 3786 539 3841 dolor
554 3779 641 3838 animi
655 3784 703 3845 883
721 3779 764 3832 ia·
805 3772 901 3842 diciet,
919 3768 996 3824 nullo
1014 3765 1120 3831 labore,
1138 3759 1217 3814 nulla
1236 3753 1377 3822 molestia)

208 3868 292 3921 uitam
309 3861 386 3918 steht
403 3857 457 3913 wie
474 3858 545 3912 eben
562 3854 600 3909 da
616 3851 715 3907 innata
731 3847 765 3902 li·
820 3845 891 3898 dazu
907 3841 947 3896 im
967 3835 1123 3906 Gegeuaatz
1141 3829 1198 3898 ipsi
1214 3830 1311 3896 sponte
1326 3839 1380 3878 999

208 3938 312 3993 bertas.
328 3936 333 4004 1
349 3928 466 3988 (1199999.
481 3943 513 3982 oc
529 3917 766 3990 aedit.,104sedi·
821 3907 1098 3984 (geuthnlichersua
1107 3901 1226 3970 sponte),
1235 3896 1289 3951 wie
1300 3897 1394 3950 ronst·

208 4006 333 4063 tionibus
350 4019 384 4058 ac
407 3997 561 4055 discordiis.
583 3997 767 4063 1999999999,
819 3983 915 4053 haufig
936 3980 997 4049 ipsc
1019 3974 1073 4030 mit
1094 3988 1145 4043 per
1167 3985 1196 4024 re
1218 3964 1394 4023 verbunden

557 4070 616 4121 ,49
630 4065 768 4134 lauciores
822 4048 1026 4120 9199199999
1044 4059 1096 4116 qao
1119 4041 1212 4107 modo,
1232 4035 1352 4093 ‘leider’.
1374 4035 1378 4104 1
