3026 4876
446 277 518 332 rao
537 250 567 334 ι’),
587 275 713 332 suerro
733 275 868 332 onemo
888 282 1001 332 28-31.
1269 275 1310 341 21

145 440 229 505 ferre
258 439 347 507 soliti
376 444 452 506 sunt
479 462 574 525 quam
598 461 645 524 se,
678 439 824 524 id‘quod
851 459 983 523 perraro
1012 439 1141 523 accidit,
1168 461 1207 504 ex
1234 440 1313 504 urbe

147 530 232 594 exire
256 552 275 594 a
299 529 483 594 consulibus
506 529 617 593 iuberi.
657 527 747 612 atqui
769 527 834 592 illis
856 531 925 592 tum
945 531 1015 592 erat
1036 528 1157 592 reditus
1180 529 1217 592 in
1240 549 1314 593 suas
1496 601 1497 610 Ι

147 618 308 702 civitatee,
341 617 381 682 ad
414 639 489 682 suos
516 616 615 682 Lares
652 616 819 681 familiaris
852 619 885 680 et
916 617 951 680 in
983 615 1040 680 illo
1073 617 1235 682 communi
1267 617 1315 680 in-
1379 671 1380 678 ,

66 765 70 780 ,
147 705 316 772 commodo
345 706 436 771 nulla
463 706 498 770 in
525 707 716 790 quemquam
751 704 882 789 propria
914 704 1094 790 ignominia
1124 705 1316 770 nominatim

120 830 133 869 5
148 795 291 862 cadebat.
335 795 397 860 hoc
411 816 486 860 vero
510 793 586 879 quid
605 793 676 859 est?
700 792 927 858 exterminabit
941 793 1020 858 civis
1033 793 1198 859 Romanos
1212 794 1316 860 edicto

148 884 261 949 consul
284 906 304 948 a
327 883 392 948 suis
416 883 464 947 dis
487 883 682 966 penatibus?
705 881 843 966 expellet
865 903 904 946 ex
926 882 1055 968 patria?
1078 881 1198 967 deliget
1221 905 1317 968 quem

147 972 244 1058 volet,
267 972 434 1037 damnabit
457 975 555 1058 atque
578 972 671 1036 eiciet
692 970 908 1036 nominatim?
930 969 998 1055 hic,
1030 971 1057 1035 si
1079 992 1232 1055 umquam
1259 993 1316 1036 vos

40 1117 46 1133 ,
148 1083 221 1146 eos,
248 1061 303 1146 qui
329 1082 415 1126 nunc
443 1061 535 1145 estis,
561 1061 595 1125 in
622 1082 656 1124 re
683 1059 814 1143 publica
840 1059 908 1124 fore
936 1062 1098 1143 putasset,
1126 1059 1153 1123 si
1181 1055 1318 1144 denique

147 1151 323 1236 imaginem
336 1149 527 1214 iudiciorum
541 1151 597 1213 aut
612 1148 819 1213 simulacrum
834 1148 962 1232 aliquod
977 1148 1120 1212 futurum
1138 1147 1319 1212 incivitate

109 1275 136 1313 10
148 1238 308 1323 reliquum
323 1237 517 1322 credidisset,
538 1259 692 1322 umquam
706 1259 803 1302 ausus
819 1241 904 1302 esset
918 1240 1066 1301 senatum
1089 1236 1176 1300 dere
1190 1236 1320 1320 publiea

149 1327 277 1406 tollere,
300 1327 443 1411 equitum
465 1323 685 1391 Romanorum
707 1346 818 1409 preces
842 1325 1016 1409 aspernari,
1032 1325 1159 1390 *civium
1182 1325 1319 1409 denique

150 1415 293 1481 omnium
311 1416 404 1480 novis
423 1418 456 1478 et
472 1414 625 1480 inauditis
644 1414 756 1479 edictis
774 1415 825 1478 ius
847 1413 1094 1498 libertatemque
1111 1413 1319 1498 pervertere?

150 1504 212 1569 etsi
234 1525 286 1568 me
315 1503 542 1569 attentissimis
566 1503 697 1587 animis,
722 1520 851 1566 'summa
873 1524 945 1567 cum
969 1502 1170 1588 benignitate
1194 1502 1319 1586 auditis,
1338 1518 1371 1566 31

149 1593 278 1676 iudices,
301 1596 411 1657 tamen
429 1612 540 1656 vereor
553 1613 594 1654 ne
617 1592 688 1675 quis
710 1591 794 1656 forte
811 1594 955 1654 vettrum
972 1591 1116 1674 miretur,
1140 1591 1217 1675 quid
1239 1591 1320 1656 haec

111 1716 137 1755 15
150 1703 222 1746 mea
245 1681 347 1746 oratio
370 1684 438 1744 tam
460 1680 560 1765 longa
582 1683 639 1743 aut
661 1683 728 1743 tam
751 1680 815 1742 alte
837 1679 976 1761 repetita
1000 1680 1077 1744 velit
1100 1684 1156 1743 aut
1179 1679 1256 1764 quid
1277 1679 1320 1744 ad
1374 1686 1376 1694 ’

151 1770 186 1834 Ρ.
201 1769 298 1834 Sestii
312 1789 442 1833 causam
456 1789 577 1851 eorum,
592 1767 646 1851 qui
660 1770 736 1831 ante
749 1767 846 1832 huius
859 1766 1062 1831 tribunatum
1076 1769 1320 1851 rempublicam

151 1861 322 1940 vexarunt,
350 1856 466 1921 delicta
488 1856 683 1939 pertineant3
713 1855 794 1918 milri
817 1854 925 1920 autem
947 1855 1009 1919 hoc
1036 1857 1239 1940 propositum
1262 1861 1320 1941 est,

152 1945 319 2010 ostendere
339 1945 446 2009 omnia
468 1943 604 2010 consilia
621 1944 655 2008 P.
675 1941 772 2008 Sesti
790 1947 996 2029 mentemque
1014 1945 1115 2009 totius
1135 1943 1319 2010 tribunatus

151 2035 235 2099 hano
248 2033 357 2118 fuisse,
380 2037 416 2096 ut
434 2033 582 2098 adflictae
596 2036 629 2097 et
641 2032 784 2116 perditae
803 2033 1011 2116 reipublicae
1034 2037 1190 2119 quantum
1210 2037 1321 2117 posset

111 2158 138 2197 20
151 2123 340 2188 mederetur.
386 2141 423 2186 ae
452 2123 479 2186 si
506 2122 541 2186 in
568 2120 764 2206 exponendis
785 2122 980 2186 'volneribus
1010 2121 1076 2186 illis
1103 2121 1142 2187 de
1170 2123 1319 2205 meipso

151 2213 244 2296 plura
266 2212 371 2276 dicere
393 2210 538 2294 videbor,
565 2210 775 2295 ignoscitote3
802 2207 878 2274 nani
902 2210 1047 2275 atillam
1070 2231 1175 2275 meam
1197 2211 1321 2275 cladem
1433 2279 1434 2286 Ι

151 2321 210 2365 vos
233 2303 266 2364 et
284 2320 394 2364 omues
412 2299 490 2363 boni
508 2300 683 2364 maximum
701 2320 771 2363 esse
789 2300 836 2364 rei
854 2299 1000 2384 publicae
1018 2299 1133 2364 volnus
1156 2298 1320 2365 iudicastis

152 2395 185 2454 et
211 2387 246 2452 P.
275 2386 398 2452 Sestius
426 2393 477 2452 est
509 2410 583 2453 reus
615 2410 681 2452 non
709 2408 766 2452 suo
800 2388 855 2453 sed
887 2409 959 2454 meo
987 2389 1130 2454 nomine:
1162 2389 1217 2472 qui
1250 2408 1320 2452 cum

152 2579 710 2648 LatinerdenandercnBundesgenossen
764 2579 894 2650 Stallung
920 2581 1029 2635 anstatt
1055 2580 1084 2634 in
1113 2578 1226 2635 civitate
1257 2579 1337 2645 reli-,

152 2647 312 2722 gegandber
329 2653 389 2719 (vor
408 2650 472 2705 dem
485 2651 510 2706 J.
525 2653 569 2720 90)
583 2651 709 2706 bezeich-
764 2667 851 2719 quum
877 2651 1009 2705 futurum}
1031 2653 1035 2715 Ι
1057 2652 1147 2712 moia,
1174 2650 1204 2703 in
1227 2648 1321 2718 Beaug

151 2726 207 2778 net.
250 2721 302 2777 Die
329 2721 430 2776 beiden
454 2722 560 2777 letaten
586 2721 709 2777 Auswei·
764 2719 1321 2790 aufdieRechtswidrigkeitjenergegen

153 2797 261 2872 sungad
276 2791 421 2847 derselben
435 2791 538 2846 landen
551 2791 581 2846 in
595 2792 645 2846 der
658 2793 709 2846 Be·
764 2791 849 2874 einen·
861 2791 969 2861 Bdrger
985 2792 1159 2860 verhtngten
1174 2788 1319 2872 relegatio.

37 2997 40 3004 ,
151 2859 710 3002 arevalul..‘³aeaue.1¹ssg.a;
763 2867 944 3001 adlati
962 2880 1011 2987 u.
1027 2861 1321 3002 Ιίἷιῃῗῗῖῑοῗᾛὲῑῗ
1339 2862 1371 2910 ³¹

151 3005 205 3060 wls
219 3009 253 3058 27
273 3003 369 3058 adesse
386 3003 500 3058 iusserit
513 3027 546 3048 τ.-
561 3004 709 3058 arcessire·
762 3002 819 3058 lich
842 3011 879 3058 a'n
902 3004 947 3058 die
965 3003 1081 3058 Richter
1102 3001 1225 3071 scendet,
1248 3003 1321 3058 ohne

152 3076 197 3130 rit.
218 3076 223 3146 Ι
243 3074 446 3140 eatcrmiaubct,
480 3073 557 3128 ‘dari
585 3091 616 3129 er
648 3091 709 3128 ver·
761 3073 959 3129 ,vermittelnde
977 3073 1102 3128 Paitikel
1126 3091 1161 3128 an
1180 3071 1231 3128 das
1249 3074 1321 3129 Vor-

151 3146 281 3214 treiben'‚
304 3145 334 3200 in
355 3145 490 3200 welcliem
512 3143 580 3200 Siun
602 3145 710 3200 auststt
762 3142 940 3214 hergehende
959 3161 1008 3213 an3
1034 3143 1148 3198 ahnlieh
1171 3141 1222 3216 pro
1238 3144 1319 3218 Rosc.

152 3219 201 3272 des
218 3217 280 3271 Fut.
299 3215 358 3271 Ind.
377 3217 449 3271 auch
467 3215 516 3270 das
535 3216 612 3271 Prts.
632 3215 708 3286 uonj.
762 3209 823 3270 llrn.
849 3219 883 3270 29
915 3215 983 3285 quid
1014 3215 1135 3285 p'n'mum
1167 3222 1286 3284 querar?
1314 3215 1318 3287 Ι

152 3288 235 3343 steht.
251 3293 256 3354 Ι
272 3289 315 3342 dte
329 3289 491 3355 penatibus,
514 3305 564 3341 zur
581 3287 709 3341 Beaeich-
763 3289 856 3341 odeat.
885 3287 998 3352 calmis,
1025 3285 1079 3341 mit
1106 3289 1229 3357 grts‘ster
1253 3287 1320 3340 Auf-

152 3357 634 3484 ttad⁰ett¹¹⁸tflutt¹tr
656 3357 710 3482 rr
762 3353 1321 3497 illiditiltowltteqffltit’eit

152 3499 288 3554 Dialitern
306 3499 483 3568 gewbhnlich
492 3509 548 3552 nur
560 3499 686 3568 penates.
704 3498 708 3570 Ι
763 3499 825 3554 hier
838 3503 888 3554 aut
902 3503 972 3555 statt
986 3515 1018 3554 ac
1032 3499 1130 3553 steten
1144 3499 1237 3554 ktnne
1248 3500 1321 3554 nach

153 3570 279 3640 denique,
298 3568 380 3623 'diter
404 3569 443 3623 im
471 3565 588 3624 aweiten
612 3569 710 3625 (iliade
764 3571 901 3641 Analogia
925 3571 975 3626 der
996 3569 1146 3639 negativen
1166 3569 1261 3637 Stltus,
1283 3571 1321 3624 ist

70 3637 74 3646 '
153 3643 206 3709 (43.
230 3645 334 3695 4151.
355 3641 430 3710 114);
453 3639 515 3694 hier
534 3640 618 3695 ‘auch
636 3641 709 3695 nur'.
764 3641 827 3696 sehr
836 3659 870 3696 au
884 3641 1057 3706 bezweifalm
1071 3639 1121 3694 das
1131 3639 1262 3714 loigende
1272 3646 1322 3696 out

152 3712 234 3766 Dann
252 3711 329 3768 stelit
342 3727 372 3766 es
384 3711 569 3792 regelmtssig
581 3710 662 3766 nicht
674 3727 710 3768 au
764 3711 842 3766 dient
860 3713 912 3766 wie
931 3712 972 3766 oft
989 3730 1037 3766 aur
1051 3710 1254 3782 Verknupfnng
1272 3711 1322 3770 der

42 3785 46 3796 ‘
153 3786 241 3837 erster
259 3783 354 3839 Stella.
390 3781 521 3849 Lrv.·Ill‚
542 3785 589 3850 56,
609 3788 640 3836 11
661 3783 710 3851 qui
763 3783 879 3851 Fragen.
903 3781 1056 3852 U'cbrigens
1070 3782 1108 3838 ist
1122 3782 1180 3836 alte
1194 3784 1320 3852 repetere

152 3867 209 3907 non
226 3852 339 3922 civium,
359 3868 416 3908 non
430 3852 551 3921 denique
565 3851 710 3907 hominum
763 3853 817 3906 mit
831 3851 930 3927 Objact
945 3853 1049 3924 htufig,
1068 3853 1140 3908 ohne
1156 3852 1256 3924 Objact
1268 3868 1320 3921 pro

153 3929 268 3978 numero
287 3926 385 3980 essent.
403 3923 442 3979 ad
464 3925 524 3979 Att.
547 3923 601 3990 IX,
628 3924 673 3992 19,
692 3930 710 3977 4
764 3922 891 3978 Cluentio
906 3929 939 3979 66
958 3927 1084 3995 repetam
1101 3924 1188 3994 paulo
1207 3922 1318 3994 altinal

153 3997 185 4048 tu
212 3995 298 4048 eelim
318 3995 428 4050 litteras
450 3995 500 4049 des
523 3994 558 4049 de
581 3995 709 4049 omnibus
762 3999 906 4061 occurant,
926 3994 1186 4050 ‘nerriittethabcn'
1202 3996 1275 4062 (aul
1292 4013 1318 4065 g.

153 4065 235 4120 rebus
254 4065 336 4134 actis,
359 4066 480 4135 denique
499 4065 585 4122 etiam
603 4065 638 4120 de
654 4078 709 4120 ser-
762 4065 818 4136 a),
842 4069 919 4120 sonst
937 4067 1009 4121 auch
1027 4068 1163 4132 lacerare,
1184 4063 1319 4135 dissipare

152 4135 281 4191 monibus
305 4135 459 4190 hominum.
481 4137 546 4207 Vgl.
566 4136 602 4196 ad
621 4135 651 4202 Q.
675 4135 707 4189 fr.
762 4153 821 4190 rem
843 4154 870 4205 p.
887 4137 892 4208 Ι
907 4137 968 4204 too,
991 4136 1087 4192 hieran
1109 4135 1185 4189 steht
1207 4135 1256 4190 der
1275 4137 1319 4190 In-

151 4209 165 4261 Ι
186 4215 209 4274 1,
224 4213 238 4260 1
259 4205 410 4278 epistulam
423 4208 507 4261 multi
519 4207 619 4275 nuntii,
633 4205 710 4261 fama
763 4207 854 4262 finitis
876 4207 1086 4278 appositionall,
1110 4206 1163 4260 wia
1185 4211 1228 4260 49.
1249 4211 1292 4262 82.
1313 4207 1317 4278 Ι

153 4278 272 4347 denique
301 4280 375 4334 esset
405 4278 468 4346 ipsa
504 4279 675 4348 superatura.
704 4277 707 4348 Ι
762 4283 881 4344 meatem,
897 4278 942 4333 die
956 4279 1081 4346 Absioht
1096 4275 1232 4347 Aufgabe.
1249 4281 1253 4344 Ι
1268 4293 1320 4332 me-

153 4349 277 4418 aliquod,
296 4367 330 4403 au
349 4365 376 4418 p.
392 4353 435 4416 19,
454 4353 496 4402 22.
513 4351 517 4414 Ι
533 4349 585 4416 fut.
601 4378 633 4388 -
648 4348 709 4403 reli·
763 4349 880 4414 deretur,
898 4349 1000 4404 ebenso
1018 4348 1213 4404 medicinam.
1231 4355 1235 4414 Ι
1250 4349 1320 4415 si..,

151 4435 247 4490 quum,
278 4419 434 4476 rhetorisch
462 4417 709 4474 naohdruclrsvolle
762 4421 920 4488 iquoacitote
946 4419 1141 4491 Eli-'Seyffert
1161 4426 1176 4485 ξ
1195 4425 1244 4476 281
1263 4420 1290 4473 b.
1313 4419 1317 4494 Ι
