3026 4876
242 285 286 350 42
638 285 675 340 Μ,
696 283 819 339 TULLII
838 283 1028 340 CICERONIS

240 446 352 512 liceret
374 469 454 513 neve
477 447 634 532 decapite
648 448 714 512 nisi
737 446 875 512 comitiis
891 447 1079 511 centuriatis
1101 448 1221 532 rogari,
1243 447 1340 512 nulla
1365 469 1443 512 vox

241 540 292 600 est
319 537 430 601 audita
457 538 639 621 consulum,
666 535 940 619 constitutumque
967 539 1017 600 est
1044 536 1102 601 illo
1130 558 1230 620 anno,
1257 539 1441 620 quantum

240 623 276 688 in
298 625 363 689 illis
378 625 502 690 duabus
526 625 622 689 huius
636 623 763 707 imperii
777 624 922 707 pestibus
936 623 1008 707 fuit,
1030 625 1100 688 iure
1113 645 1210 708 posse
1223 645 1281 708 per
1300 645 1439 708 operas

241 713 418 778 concitatas
442 713 585 799 quemvis
609 712 711 777 civem
733 712 925 776 nominatim
947 712 1071 777 tribuni
1093 712 1198 796 plebis
1222 713 1368 796 concilio
1394 735 1440 777 ex

241 801 372 866 civitate
396 801 581 867 exturbari?
1454 821 1465 858 ⁵

187 907 221 954 66
329 887 419 965 Quae
447 912 522 955 vero
551 889 757 974 promulgata
783 889 842 954 illo
870 909 955 953 anno
982 888 1116 971 fuerint,
1145 907 1227 972 quae
1254 890 1439 973 promissa

241 979 360 1062 multis,
379 1000 461 1063 quae
475 978 667 1061 conscripta,
682 997 764 1062 quae
780 980 918 1061 sperata,
933 998 1015 1062 quae
1030 978 1181 1062 cogitata,
1196 978 1272 1062 quid
1286 978 1439 1043 dicam?

240 1061 297 1150 qui
321 1067 412 1131 locus
441 1066 512 1131 orbi
538 1069 645 1130 terrae
665 1066 737 1138 ‚iam
764 1087 830 1130 non
863 1069 934 1129 erat
965 1066 1061 1130 alicui
1088 1065 1290 1130 destinatus?
1325 1067 1435 1131 cuius

240 1154 364 1239 negotii
386 1154 509 1238 publici
531 1154 682 1238 cogitari,
698 1155 827 1238 optari,
851 1153 930 1239 fingi
953 1155 1077 1219 curatio
1100 1155 1219 1237 potuit,
1242 1175 1325 1238 quae
1349 1175 1436 1220 non

239 1243 325 1306 esset
347 1243 505 1308 attributa
530 1246 626 1326 atque
654 1243 830 1326 discripta?
857 1241 941 1326 quod
970 1261 1072 1326 genus
1099 1243 1226 1326 imperii
1253 1245 1310 1306 aut
1333 1265 1434 1326 quae
1452 1261 1473 1299 1⁰

239 1330 414 1414 provincia,
437 1353 519 1417 quae
542 1331 626 1395 ratio
651 1333 709 1395 aut
729 1330 856 1394 flandae
880 1332 937 1394 aut
958 1329 1148 1395 conflandae
1170 1331 1325 1414 pecuniae
1347 1354 1434 1397 non

239 1419 484 1502 reperiebatur?
507 1440 589 1504 quae
603 1419 694 1503 regio
708 1439 804 1483 orave
826 1421 989 1483 terrarum
1012 1423 1082 1483 erat
1103 1420 1202 1484 latior
1214 1420 1249 1484 in
1268 1441 1334 1504 qua
1346 1440 1433 1484 non

238 1527 373 1592 regnum
398 1507 530 1592 aliquod
553 1506 771 1571 statueretur?
794 1507 865 1591 quis
889 1510 997 1571 autem
1011 1527 1066 1571 rex
1081 1510 1159 1591 erat,
1182 1507 1236 1592 qui
1250 1508 1306 1572 illo
1327 1529 1430 1572 anno

238 1615 305 1658 non
332 1597 388 1660 aut
415 1596 585 1660 emendum
614 1595 676 1660 sibi
703 1595 789 1678 quod
819 1616 888 1660 non
918 1595 1073 1680 habebat,
1105 1600 1162 1661 aut
1192 1595 1429 1660 redimendum

236 1683 323 1766 quod
349 1682 491 1748 habebat
518 1684 753 1748 arbitraretur?
786 1683 857 1768 quis
884 1685 1096 1768 provinciam,
1128 1685 1200 1767 qais
1232 1685 1429 1768 pecuniam,
1445 1702 1468 1740 15

237 1772 309 1856 quis
336 1771 531 1856 legationem
560 1795 579 1836 a
606 1775 720 1837 senatu
748 1773 902 1856 petebat?
930 1772 1090 1836 damnatis
1118 1772 1158 1836 de
1179 1773 1212 1835 vi
1239 1773 1428 1857 restituti0,

237 1859 423 1924 consulatus
455 1861 570 1946 petitio
603 1861 667 1944 ipsi
698 1861 747 1925 illi
777 1861 927 1944 populari
964 1860 1124 1925 sacerdoti
1155 1861 1425 1944 comparabatur.

236 1946 317 2012 haec
330 1949 503 2032 gemebant
524 1948 612 2032 boni,
635 1949 811 2032 sperabant
824 1949 973 2032 improbi,
996 1949 1115 2034 agebat
1135 1949 1284 2014 tribunus
1298 1950 1425 2032 plebis,

182 2075 220 2130 31
236 2036 384 2101 consules
408 2036 616 2101 adiuvabant.

183 2165 217 2214 6‘1
324 2121 387 2188 Hic
420 2124 607 2209 aliquando,
639 2124 741 2188 serius
769 2145 866 2208 quam
893 2125 963 2210 ipss
995 2125 1107 2208 vellet,
1139 2121 1198 2188 On.
1227 2125 1423 2209 Pompeiae,
1438 2143 1464 2181 2⁰

236 2211 441 2277 invitissimis
477 2212 538 2297 eir,
569 2213 624 2297 qui
656 2216 799 2276 mentem
831 2213 947 2296 optimi
978 2235 1016 2278 ae
1046 2213 1218 2277 fortissimi
1250 2215 1311 2278 viri
1343 2215 1421 2279 suis

236 2299 380 2365 consiliis
394 2300 542 2385 fictisque
556 2300 734 2366 terroribus
750 2323 769 2364 a
783 2300 969 2366 defensione
983 2323 1073 2366 meae
1088 2302 1201 2366 salutis
1216 2304 1420 2386 averterant,

236 2388 389 2453 excitavit
411 2388 501 2453 illam
525 2411 616 2453 suam
634 2409 701 2454 non
721 2388 870 2474 sopitam,
893 2390 949 2455 sed
972 2389 1156 2474 suspicione
1179 2389 1288 2474 aliqua
1309 2386 1419 2458 retar-

235 2575 343 2633 Stellen
368 2577 533 2634 wiederholt
555 2578 589 2634 de
612 2578 695 2634 domo
718 2583 762 2635 43.
848 2597 913 2634 men
931 2579 1035 2634 warde.
1051 2583 1056 2650 Ι
1071 2580 1114 2635 alli
1129 2597 1195 2650 pop.
1219 2582 1357 2636 sacerdoti
1374 2612 1417 2624 -

234 2664 299 2702 neoc
318 2679 351 2689 -
370 2650 473 2718 royari,
491 2648 632 2704 natfirlich
649 2647 728 2704 nicht
746 2667 782 2704 au
850 2650 953 2706 eberiso
966 2651 996 2705 in
1010 2650 1066 2706 Pis.
1081 2657 1115 2706 89
1131 2651 1199 2722 (vgl.
1214 2651 1285 2707 Sest.
1298 2655 1364 2722 116)
1375 2685 1414 2694 -

229 2719 409 2790 pricileyiwm
440 2739 473 2774 ι6
508 2720 637 2788 beaiehn,
675 2719 794 2774 sondcrn
847 2721 924 2777 kann
935 2737 1034 2792 vogen
1051 2721 1107 2791 ipsi
1124 2723 1210 2776 kaurn
1228 2722 1279 2777 anf
1289 2723 1416 2778 Jemand

235 2789 399 2860 allgemein,
422 2797 465 2849 73.
488 2791 522 2847 de
544 2791 620 2862 legg.
638 2791 658 2846 l.
677 2807 704 2845 c:
727 2791 794 2846 ferri
848 2793 948 2848 andere
978 2792 1104 2862 beregen
1137 2793 1249 2848 werden
1285 2793 1327 2846 als
1362 2795 1420 2848 auf

234 2860 269 2914 de
288 2861 405 2931 singulis
424 2861 477 2916 nisi
496 2861 659 2916 centuriatis
673 2861 794 2917 comitiis
848 2863 960 2918 Clodius
988 2865 1052 2932 (39).
1095 2865 1192 2933 opstat
1214 2869 1248 2918 tr.
1266 2864 1308 2932 pl.
1332 2865 1415 2919 steht

234 2929 391 2986 noluerunt.
427 2931 585 3000 descriptus
608 2932 684 2986 enim
704 2949 793 3002 popu·
848 2934 912 2988 dem
925 2933 1005 2988 nicht
1018 2935 1166 3004 entgegen‚
1184 2951 1237 2988 nur
1251 2933 1414 3004 scheinbar,

233 2999 278 3055 lus
292 3017 384 3070 censu,
403 3000 555 3070 ordinibus,
574 3003 713 3057 aetatibus
729 3003 793 3072 plus
847 3005 911 3060 dass
938 3004 978 3058 im
996 3003 1250 3074 Vorhergshenden
1276 3017 1329 3055 nur
1352 3023 1413 3060 von

234 3070 394 3127 adhibetad
409 3071 573 3142 suffragium
583 3071 693 3126 consilii
707 3089 792 3142 quam
846 3075 924 3144 dem,
942 3091 1001 3129 was
1018 3073 1150 3128 Ardere
1177 3072 1336 3195 erlanfflten,
1362 3076 1414 3130 dic

233 3140 295 3212 fuse
312 3143 343 3196 in
360 3143 452 3198 tribus
466 3145 643 3198 convocatus.
661 3150 665 3212 Ι
682 3143 792 3212 trabpl.
847 3145 924 3199 ltede
942 3161 1013 3199 war:
1037 3143 1111 3198 deun
1133 3143 1239 3197 diesem
1282 3157 1338 3197 ann
1361 3163 1413 3201 am

233 3213 356 3279 coactio,
376 3213 463 3267 durch
483 3214 529 3268 die
546 3213 793 3268 Parteivcrsamm-
846 3213 959 3269 Scbluss
986 3214 1050 3268 sehr
1076 3212 1164 3282 wohl,
1191 3213 1233 3268 als
1261 3211 1341 3268 hatte
1367 3215 1410 3273 01.

232 3282 301 3352 lang
319 3283 395 3336 eines
405 3282 623 3338 Volkstribunen
634 3283 674 3336 im
684 3282 792 3352 Gegen-
848 3285 919 3338 eben
935 3283 1018 3338 dabei
1031 3301 1084 3337 nur
1102 3282 1147 3336 fur
1160 3283 1272 3338 Ardere
1285 3301 1312 3339 6.
1327 3284 1412 3342 nicht

233 3354 291 3406 satz
310 3367 401 3422 gegen
419 3351 465 3407 die
484 3353 599 3408 comitia
620 3352 669 3408 des
686 3370 793 3424 gamen
846 3354 891 3408 ffir
922 3354 1017 3408 seinen
1046 3352 1165 3409 (lewinn
1195 3356 1321 3425 gesom,
1353 3357 1410 3411 mit

234 3421 350 3492 Voltis!
846 3425 903 3494 ipsi
920 3425 970 3480 der
988 3423 1164 3479 exorbitante
1182 3425 1273 3492 Prsia,
1297 3426 1352 3479 den
1377 3444 1409 3482 er

179 3503 215 3552 66
269 3511 338 3562 quac
354 3509 417 3548 vcro
432 3510 534 3562 prem„
561 3512 595 3547 ιι
622 3498 656 3548 bb
680 3493 789 3566 latae.)
845 3495 919 3550 noch
955 3496 1107 3563 erstrebte‚
1143 3497 1407 3565 gegendbertreten.

233 3565 388 3632 coascrtpta
409 3564 526 3647 steigert
538 3564 685 3634 promissa.
704 3563 707 3633 l
723 3565 792 3634 quid
845 3566 927 3621 Auch
944 3565 995 3620 das
1013 3565 1190 3621 Vcrhbltniss
1209 3585 1242 3620 ι6
1265 3567 1407 3622 damnatis

232 3633 500 3704 dicam?11tqu1d
524 3651 577 3718 ego
598 3651 672 3690 nune
689 3635 791 3705 dicam,
845 3637 878 3692 cte
904 3635 933 3691 oi
952 3665 985 3676 --
1004 3635 1059 3692 den
1087 3653 1112 3692 a.
1141 3643 1174 3692 62
1203 3637 1407 3692 verurtheilten

232 3705 333 3789 quibus
351 3705 419 3760 viris
437 3708 488 3761 ant
506 3723 552 3760 cur
569 3703 665 3790 generi
686 3705 790 3788 civium
846 3706 1407 3790 Catilinariem-isteinangemesrenes:

232 3776 790 3914 6666666666
845 3777 1406 3919 6

233 3918 328 3973 schied
340 3934 396 3973 von
409 3923 560 3973 unarum:
574 3935 622 3972 aur
635 3917 732 3988 Pomp.
747 3924 789 3974 53.
844 3937 871 3974 u.
899 3920 975 3974 scine
998 3918 1208 3974 Gswalttbaten
1235 3935 1328 3974 waren
1355 3919 1404 3973 be-

231 4006 258 4043 6.
281 3987 360 4044 Verr.
385 3988 431 4054 IV,
456 3993 498 4043 82.
515 3988 585 4059 1666
607 3989 717 4058 dandae
742 3994 792 4043 aut
846 3989 944 4044 kannt

231 4059 310 4127 confi.
325 4075 395 4128 pec,
420 4059 504 4115 ‘Geld
521 4077 555 4113 au
573 4059 706 4130 soblagcn
724 4059 792 4114 oder
879 4061 964 4126 vellet,
978 4059 1002 4113 si
1015 4058 1122 4129 liceret,
1136 4059 1166 4113 in
1175 4057 1225 4113 der
1235 4059 1405 4130 Gegcnwart
1422 4059 1455 4107 67

232 4129 580 4201 zusammenzuschlagen’.
601 4132 605 4198 Ι
626 4130 722 4184 latior:
748 4130 790 4184 la-
844 4131 923 4199 velit,
942 4131 966 4185 si
984 4129 1070 4185 liceat
1083 4132 1129 4198 (au
1146 4147 1174 4198 p.
1189 4135 1232 4197 40,
1249 4133 1300 4198 16).
1337 4127 1401 4198 vgl.

230 4198 335 4252 tentior
358 4201 533 4256 semathets
552 4199 644 4266 Kochr
668 4200 740 4254 auch
763 4219 791 4269 p.
845 4199 926 4255 'I‘usc
946 4201 1008 4256 Iao
1027 4217 1077 4255 cur
1096 4203 1125 4255 st
1137 4199 1272 4255 Camillus
1286 4198 1402 4270 doleret,

231 4265 360 4323 Cluentio
381 4275 432 4324 176
451 4270 492 4324 sei
505 4268 638 4325 latentius
656 4269 687 4324 in
704 4268 791 4324 latius
844 4270 911 4326 si..
932 4272 1058 4340 putaret,
1082 4273 1181 4341 etego
1200 4270 1358 4325 doleam..
1378 4271 1402 4325 si
1476 4323 1477 4328 ,

231 4337 370 4394 verderbt.
400 4341 404 4408 Ι
433 4341 505 4409 quod
536 4343 663 4407 babebat,
695 4339 791 4396 seinen
843 4341 1166 4412 putemtlretcrdatam,
1179 4340 1277 4396 inPis.
1289 4347 1323 4395 '16
1337 4343 1417 4394 eum'

231 4407 339 4479 Besita,
361 4409 424 4466 dass
447 4427 478 4466 er
497 4411 557 4466 ihm
579 4412 658 4468 nicht
675 4427 790 4480 genom—
845 4407 914 4468 certi
924 4412 1050 4468 homines
1060 4429 1117 4468 non
1126 4410 1250 4467 studium
1260 4410 1402 4466 eiusamc
