3026 4876
206 246 249 311 58
606 246 641 302 M.
662 243 786 302 TULLII
805 248 998 305 CICERONIS

205 409 420 494 appellamus,
442 411 512 473 tum
535 410 757 475 conventicula
783 411 961 496 hominum,
984 433 1067 496 quae
1093 415 1209 494 postea
1236 412 1385 477 civitates

205 496 391 563 nominatae
424 501 513 580 sunt,
544 498 757 581 botherum,
791 502 861 564 tum
894 499 1057 565 domicilia
1088 500 1271 585 coniuncta,
1303 523 1384 585 quas

206 585 295 650 urbis
327 585 477 664 dicimus,
508 585 641 651 invento
674 590 707 650 et
739 587 847 652 divino
879 583 948 652 iure
976 591 1008 652 et
1039 589 1182 653 humano
1213 589 1383 654 moenibus

151 689 186 740 92
205 677 402 827 pfiepserunt.
448 674 881 829 atquealiltlinimieffiim
910 677 1103 779 perpolitam
1125 677 1327 829 humanithate
1350 681 1384 741 et

242 783 294 827 am
316 784 492 830 immanem
514 783 537 826 n
710 785 745 828 m
779 785 813 829 re
890 787 966 829 uam
984 786 1079 829 rusa
1139 786 1156 828 e
1235 788 1242 804 ·
1349 782 1412 828 m⁵

205 854 279 916 utro
293 851 342 915 uti
364 854 526 934 nolumus,
549 851 652 918 altero
672 855 723 917 est
744 785 909 917 uterisduiir.
954 854 1020 918 vim
1034 767 1382 940 volriiruswesiistiirguui:

205 939 255 1004 ius
283 939 391 1004 valeat
417 960 549 1009 neeesse
571 942 633 1024 est,
659 941 780 1025 idest,
807 940 941 1026 iudicia,
969 941 1087 1026 quibus
1110 963 1205 1006 omne
1232 940 1283 1006 ius
1307 963 1382 1007 con-

204 1028 339 1112 tinetur;
362 1029 481 1096 iudicia
500 1027 672 1109 displicent
685 1032 743 1094 aut
764 1029 854 1094 nulle
867 1033 958 1094 sunt:
981 1030 1030 1094 vis
1054 1029 1238 1096 dominetur
1251 1051 1382 1095 necesse

93 1147 97 1158 ·
205 1119 263 1181 est.
307 1115 370 1182 hoc
387 1115 505 1183 'vident
528 1137 654 1182 omnes:
681 1113 774 1182 Milo
791 1121 824 1181 et
850 1118 931 1183 vidit
959 1121 992 1182 et
1014 1118 1103 1203 lecit,
1134 1120 1185 1198 [ut
1211 1118 1262 1184 ius
1290 1140 1382 1202 expe-

204 1205 335 1290 riretur,
358 1206 424 1272 vim
447 1204 641 1291 depelleret]
688 1206 789 1270 altero
813 1206 862 1270 uti
884 1206 1001 1291 voluit,
1027 1209 1064 1272 ut
1087 1207 1189 1272 virtus
1213 1206 1382 1271 audaciam
1398 1225 1424 1264 ιο

204 1295 360 1380 vinceret3
397 1296 499 1362 altero
533 1314 611 1358 usus
645 1294 825 1358 necessario
860 1297 922 1376 est,
958 1293 1010 1359 ne'
1032 1295 1135 1361 virtus
1169 1295 1210 1359 ab
1248 1295 1382 1360 audacia

203 1387 391 1453 vinceretur.
437 1385 610 1464 eademque
632 1382 716 1447 ratio
738 1382 803 1448 luit
826 1379 936 1466 Sestii,
959 1383 987 1447 si
1010 1383 1118 1448 minus
1140 1383 1176 1447 in
1199 1383 1381 1449 accusando

204 1512 246 1523 -
270 1497 374 1560 neque
400 1472 486 1537 enim
509 1491 566 1556 per
588 1470 694 1535 omnis
721 1471 784 1535 fuit
805 1470 891 1536 idem
912 1471 982 1536 fieri
1004 1492 1135 1537 necesse
1160 1507 1215 1554 —-,
1238 1475 1273 1537 at
1295 1475 1381 1536 certe

204 1565 239 1629 in
270 1563 463 1629 necessitate
495 1557 714 1626 defendendae
751 1559 864 1624 salutis
897 1581 974 1624 suae
1009 1559 1234 1645 praesidioque
1266 1563 1381 1625 contra

149 1640 189 1696 4³
204 1652 270 1717 vim
307 1655 341 1716 et
380 1672 512 1715 manum
548 1647 776 1730 comparando.
830 1669 849 1713 o
882 1648 916 1712 di
950 1648 1165 1713 immortales!
1208 1669 1380 1732 quemnam
1397 1665 1422 1705 ιι

147 1731 184 1781 93
205 1740 374 1806 ostenditis
389 1739 510 1804 exitum
524 1734 643 1804 nobis?
667 1757 763 1820 qnam
787 1758 877 1820 spem
895 1737 940 1801 rei
962 1737 1111 1819 publicae
1130 1736 1237 1801 datis?
1262 1740 1381 1820 quotus

205 1829 339 1913 quisque
371 1828 552 1893 invenietur
579 1826 672 1888 tanta
699 1823 819 1890 virtute
846 1825 909 1908 vir,
941 1826 997 1908 qui
1029 1825 1188 1908 optimam
1220 1846 1381 1910 quamque

204 1939 334 1982 causam
366 1918 412 1980 rei
442 1915 591 2000 publicae
623 1913 850 1996 amplectatur,
886 1913 942 1997 qui
962 1912 1068 1978 ‘bonis
1100 1913 1178 1978 viris
1211 1913 1381 1997 deserviat,

204 2005 259 2090 qui
283 2005 420 2070 solidam
442 2003 570 2068 laudem
593 2021 765 2085 veramque
789 2002 944 2084 quaerat?
967 2022 1041 2066 cum
1064 2001 1146 2067 sciat
1168 2001 1232 2066 duo
1254 2001 1311 2066 illa
1332 2002 1381 2066 rei

203 2093 352 2176 publicae
381 2113 483 2176 paene
505 2091 579 2179 fata
607 2087 796 2172 [Gabinium
823 2093 856 2154 et
878 2089 1055 2174 Pisonem]
1085 2091 1221 2154 alterum
1248 2089 1380 2155 haurire
1395 2107 1422 2146 ιο

203 2181 320 2247 cotidie
335 2203 375 2246 ex
387 2180 602 2266 paratissimis
625 2180 722 2261 ‚atque
736 2177 991 2261 opulentissimis
1005 2175 1118 2262 Syriae
1131 2179 1220 2264 gazis
1234 2178 1380 2243 innume-

203 2270 305 2334 rabile
336 2271 462 2354 pondus
495 2269 578 2351 auri3
609 2265 729 2331 bellum
761 2266 882 2331 inferre
913 2267 1164 2351 quiescentibus,
1200 2269 1237 2330 ut
1268 2288 1380 2332 eorum

202 2361 326 2424 veteres
340 2357 555 2441 inlibatasque
570 2353 698 2420 divitias
711 2354 746 2417 in
759 2354 1045 2438 profundissimum
1059 2355 1229 2421 libidinum
1248 2377 1380 2420 suarum

203 2446 367 2530 gurgitem
388 2444 574 2529 profundet,
597 2443 707 2508 villam
722 2443 890 2508 aedificare
908 2444 943 2508 in
958 2441 1059 2508 oculis
1076 2443 1220 2509 omnium
1243 2445 1381 2529 tantam,

201 2533 369 2619 tugurium
396 2537 433 2598 ut
462 2533 527 2598 iam
549 2532 696 2597 videatur
717 2552 788 2596 esse
809 2531 867 2595 illa
889 2532 980 2616 villa,
1008 2553 1106 2616 quam
1132 2532 1202 2616 ipse
1229 2531 1379 2597 tribunus
1393 2546 1421 2587 2⁵

202 2622 306 2706 plebis
329 2623 451 2706 pictam
473 2621 552 2687 olim
575 2620 610 2684 in
633 2619 838 2685 contionibus
862 2619 1054 2704 explicabat,
1077 2641 1141 2705 quo
1163 2619 1379 2685 fortissimum

202 2831 249 2887 off.
276 2831 578 2900 aestimaremur
600 2829 693 2885 haben
715 2829 762 2884 die
815 2829 866 2884 der
883 2828 1013 2899 Anhlage
1031 2828 1179 2899 gehindert
1200 2829 1378 2897 mardelco,

203 2902 265 2957 Her.
284 2900 375 2968 nichtp
394 2900 497 2956 andere
516 2900 647 2956 echichen
664 2901 698 2955 ut
712 2915 763 2954 vor
816 2917 850 2954 zu
870 2901 916 2966 ⁷·l

202 2973 343 3027 moenibus
361 2971 418 3038 ein,
441 2987 497 3026 was
516 2971 584 3026 aber
602 2970 695 3026 weder
712 2970 763 3024 der
851 2972 908 3025 odi
920 2971 1147 3035 intremebat&
1162 2970 1168 3041 Ι
1183 2971 1224 3025 rei
1233 2985 1274 3039 p„
1288 2969 1377 3025 Geuc-
1397 2969 1432 3019 93

203 3043 303 3098 Zusata
324 3043 434 3098 inuento
461 3041 585 3110 erlaubt,
612 3041 686 3096 noch
713 3041 763 3095 der
816 3040 866 3097 tiv.
883 3043 888 3111 l
900 3057 989 3110 poem
1013 3042 1088 3107 fato,
1115 3041 1150 3095 de
1177 3057 1255 3109 prov.
1278 3046 1294 3094 2
1322 3041 1378 3096 duo

201 3113 281 3180 Sinn,
299 3114 372 3169 nach
390 3113 524 3168 walchem
543 3112 590 3167 die
608 3111 763 3181 Grdnduug
817 3111 857 3166 rei
875 3130 903 3181 p.
921 3128 1011 3181 paene
1028 3110 1135 3167 funera
1151 3115 1155 3174 Ι
1171 3111 1300 3177 dmum,
1321 3111 1378 3167 Ga-

201 3183 477 3240 von‘Gemeinwesen
494 3184 537 3238 als
553 3183 603 3238 der
611 3182 764 3251 llrbaunng
817 3181 934 3237 binium.
954 3183 1164 3250 lpcretriesc'mie
1190 3184 1297 3237 metatt
1328 3181 1378 3237 des

202 3271 258 3310 von
276 3254 395 3309 Stadtcn
420 3251 619 3324 vorangehend
642 3251 765 3321 gedacht
817 3253 873 3308 hsr.
892 3251 1087 3321 pacatissimis.
1117 3253 1236 3322 pacatus
1251 3251 1377 3308 bezeich-

202 3324 302 3391 wird.l
578 3380 582 3388 ,
816 3325 867 3377 net
886 3323 978 3391 Alles,
1006 3339 1064 3377 was
1091 3339 1142 3378 ans
1169 3323 1248 3378 einer
1274 3323 1378 3378 wilden

149 3401 184 3452 92
235 3395 410 3463 perpolitam,
426 3393 549 3464 weniger
562 3391 763 3463 gebrauchlich
818 3393 979 3464 Bewegnng
997 3411 1045 3447 aar
1058 3393 1139 3448 Ruhe
1152 3394 1209 3448 und
1224 3411 1288 3448 anm
1301 3393 1377 3448 Frie-

202 3465 242 3520 im
251 3465 458 3536 fibertragenen
468 3463 553 3518 Sinna
563 3463 665 3534 polire;
681 3464 764 3518 eben·
818 3463 878 3546 den⁸
890 3463 1007 3560 gelangt
1024 3464 1074 3532 ist,
1099 3464 1189 3520 heisst
1206 3463 1293 3519 daher
1318 3463 1377 3518 ‘be-

202 3534 764 3688 {letbertus'titillatu
816 3534 914 3660 tlt?
927 3534 1118 3674 absit?
1130 3536 1377 3660 ‹lstttst‘tls
1457 3657 1459 3662 .

135 3711 141 3720 ·
175 3739 177 3741 ,
203 3693 234 3733 ιο
253 3678 318 3732 sehr
340 3677 395 3732 den
415 3676 608 3732 Unterschred.
625 3678 629 3743 1
645 3680 709 3730 aero
728 3700 763 3722 ==
817 3691 874 3730 was
898 3675 957 3731 sich
979 3677 1068 3732 daran
1090 3675 1228 3741 schliesst;
1256 3675 1309 3730 mit
1330 3692 1378 3744 pa·

203 3749 385 3816 utrocunque,
404 3747 449 3802 fur
463 3747 487 3803 si
501 3747 645 3803 alterutro.
661 3752 694 3801 27
707 3749 760 3815 ml
816 3761 865 3800 rae
882 3763 912 3802 es
930 3765 964 3800 au
981 3747 1134 3802 verbinden
1149 3745 1188 3800 ist
1201 3745 1376 3815 unmoglich3

203 3823 254 3874 aad
268 3819 348 3873 nulla
360 3823 426 3872 aaut
440 3817 550 3873 starker
562 3817 605 3872 als
615 3823 658 3872 86.
669 3817 673 3888 Ι
684 3817 763 3888 [aa.
815 3822 932 3885 paratae
949 3833 1032 3886 pezae
1054 3816 1116 3872 sind
1136 3816 1267 3883 Schatae,
1291 3816 1378 3872 deren

204 3889 366 3960 deponeret
385 3888 474 3943 durch
493 3888 568 3943 disse
586 3887 698 3957 Worte,
717 3887 763 3943 die
816 3887 981 3957 Benutam
1012 3903 1064 3956 gar
1095 3886 1178 3940 hcine
1211 3885 1377 3958 Schwierig·

204 3977 260 4030 eng
277 3960 331 4015 mit
347 3959 412 4027 feeit
430 3977 464 4013 ao
486 3958 640 4014 verbinden
661 3964 762 4027 wltren,
817 3956 877 4012 keit
894 3957 997 4012 macht.
1030 3955 1198 4011 beatissimis
1216 3958 1377 4013 vermnthet

204 4031 299 4086 warde
321 4029 367 4085 die
389 4029 562 4085 rhetorische
584 4027 764 4083 Coucinnitat
816 4027 909 4082 Halm
930 4030 934 4094 Ι
954 4027 1154 4083 innumerabile
1171 4029 1296 4098 pardus,
1323 4028 1377 4083 wie

204 4101 473 4171 gtnelichaerstbrt;
487 4099 647 4155 ausserdem
656 4097 765 4154 mfisste'
818 4114 935 4168 mamus
960 4113 1091 4154 numerus
1112 4097 1259 4168 frumenti,
1282 4098 1350 4154 vini.
1370 4099 1373 4169 l

204 4188 235 4226 es
253 4171 363 4226 heissen
380 4170 439 4228 vim
457 4171 486 4226 vi
503 4169 670 4241 depelleret3
692 4175 734 4224 86.
757 4170 761 4240 l
816 4169 912 4224 calam
923 4168 1119 4225 Tusculanam.
1135 4171 1140 4239 1
1156 4170 1319 4240 explicabat,
1333 4169 1376 4224 als

203 4242 248 4295 ati
273 4242 372 4307 coluit,
404 4259 434 4297 er
461 4241 603 4310 wunsohte
630 4257 673 4310 es,
705 4256 764 4296 war
817 4257 848 4295 er
869 4239 957 4294 durch
982 4239 1118 4295 sciscito
1138 4241 1216 4296 atlon
1233 4239 1273 4294 im
1295 4241 1321 4295 J.
1341 4245 1375 4294 67

204 4311 296 4366 bereit
312 4311 392 4380 daeo,
411 4312 478 4368 aber
495 4313 545 4368 der
559 4311 684 4367 Wunsch
695 4310 763 4366 hem
817 4310 881 4364 dem
888 4309 1039 4380 Pompejus
1048 4311 1102 4366 den
1109 4258 1274 4366 liberbefehl
1271 4325 1378 4392 gagen

203 4382 282 4437 nicht
314 4400 362 4436 nur
389 4382 570 4454 Ausfuhrung
600 4381 638 4438 da
669 4398 699 4438 er
726 4398 763 4437 an
816 4380 862 4436 die
881 4380 1035 4436 Seeranber
1051 4379 1229 4450 verschaffee,
1251 4379 1309 4434 und
1327 4380 1378 4434 da·
