3026 4876
210 265 253 330 36
606 267 643 322 Μ.
662 267 786 324 TULLII
804 267 997 324 CICERONIS

211 430 266 494 sed
280 429 321 494 ab
345 450 410 494 uno
429 429 607 513 gladiatore
629 429 879 495 innumerabilia
902 429 967 494 alia
989 451 1076 495 nova
1098 430 1395 508 conscriberentur,

210 522 247 582 ut
270 517 414 582 remissis
438 518 525 583 senis
548 520 582 582 et
610 518 783 582 trientibus
807 517 921 602 quinta
947 538 1048 602 prope
1076 540 1152 602 pars
1174 519 1393 604 vectigalium

210 607 391 689 tolleretur,
417 609 454 670 ut
477 605 615 671 Gabinio
639 627 698 689 pro
720 605 778 670 illa
801 617 860 671 sua
883 603 1009 689 Cilicia,
1036 629 1133 691 quam
1162 607 1238 690 sibi,
1266 608 1294 672 si
1316 629 1393 672 rem

210 695 375 777 publicam
388 694 593 778 prodidisset,
611 697 725 778 pactus
743 697 824 779 erat,
842 693 937 778 Syria
956 694 1097 778 daretur,
1116 697 1223 774 etuni
1241 695 1393 760 helluoni

210 783 260 847 bis
284 783 323 847 de
346 782 458 848 eadem
480 804 514 847 re
538 781 737 848 deliberandi
763 786 796 847 et
818 787 935 868 rogata
958 783 1019 866 kpc
1039 789 1175 866 potestus
1191 805 1250 866 per
1270 805 1425 849 aocams

158 883 198 940 26
210 872 316 957 legem
338 871 430 935 fieret
451 871 637 954 provinciae
660 871 917 936 commutandae.
954 872 1049 937 mitto
1073 891 1145 937 eam
1167 873 1282 958 legem,
1304 895 1392 957 quae

157 974 192 1023 aa
211 961 321 1026 omnia
343 960 415 1024 iura
436 959 645 1044 religionum,
673 959 900 1043 auspiciorum,
922 963 1137 1044 potestatum,
1159 959 1265 1026 omnis
1287 962 1392 1046 leges,

210 1052 378 1135 quaesunt
392 1048 430 1112 de
444 1048 513 1111 iure
523 1049 556 1112 et
566 1047 604 1111 de
618 1050 763 1131 tempore
776 1049 886 1133 legum
900 1049 1128 1134 rogandarum,
1140 1071 1204 1114 una
1216 1050 1391 1135 rogatione

209 1139 340 1220 delevit,
358 1136 452 1201 mitto
473 1157 602 1200 omnem
615 1136 828 1201 domesticam
840 1137 962 1209 labem:
982 1137 1078 1201 ctiam
1092 1140 1225 1202 exteras
1237 1138 1390 1202 nationes

209 1226 296 1290 illius
311 1225 389 1290 anni
402 1223 510 1289 fanore
525 1227 755 1309 conquassatas
771 1225 967 1290 videbamus.
993 1226 1067 1310 lege
1084 1226 1259 1291 tribunicia
1271 1225 1391 1290 Matris
1410 1247 1440 1286 ιο

210 1315 352 1398 Magnae
370 1313 598 1379 Pessinuntius
621 1313 676 1377 ille
699 1313 848 1378 sacerdos
871 1315 1022 1398 expulsus
1046 1318 1080 1378 et
1103 1315 1259 1399 spoliatus
1283 1337 1397 1388 sacerq

211 1402 300 1467 dotio
323 1405 374 1466 est
394 1403 572 1487 fanumque
595 1401 875 1467 sanctissimarum
898 1405 994 1486 atque
1021 1402 1318 1486 antiquissimarum
1340 1425 1390 1468 re-

210 1491 371 1576 ligionum
393 1491 559 1555 venditum
586 1491 723 1575 pecunia
749 1490 866 1576 grandi
889 1489 1078 1575 Brogitaro,
1105 1491 1233 1575 impuro
1263 1491 1391 1556 homini

213 1583 309 1662 atque
331 1578 466 1664 indigno
489 1579 546 1643 illa
563 1579 730 1664 religione,
752 1579 942 1663 praesertim
966 1601 1041 1644 cum
1065 1601 1136 1644 eam
1160 1580 1222 1644 sibi
1245 1580 1299 1644 ille
1321 1601 1390 1644 non

210 1666 349 1750 colendi,
371 1667 428 1731 sed
445 1667 588 1733 violandi
607 1689 706 1732 causa
725 1668 914 1752 appetisset;
938 1668 1092 1752 appellati
1110 1688 1203 1754 reges
1222 1690 1241 1732 a
1259 1669 1391 1752 populo,
1409 1688 1438 1728 15

212 1755 267 1839 qui
299 1755 333 1819 id
362 1778 541 1841 numquam
572 1778 614 1822 ne
644 1779 664 1820 a
692 1761 806 1821 senatu
839 1755 968 1841 quidem
1000 1756 1234 1841 postulassent,
1261 1757 1392 1822 reducti
1487 1809 1488 1836 ,

212 1845 339 1909 exsules
366 1843 564 1928 Byzantium
590 1845 797 1911 condemnati
827 1849 911 1930 tum,
942 1867 1015 1912 cum
1047 1845 1226 1910 indemnati
1258 1846 1342 1910 cives
1374 1867 1392 1909 e

160 1946 194 1995 57
212 1933 344 1998 civitate
367 1933 578 2018 eiciebantur3
607 1953 663 1997 rex
686 1932 905 2017 Ptolemaeus,
932 1934 987 2018 qui
1010 1933 1038 1997 si
1062 1933 1206 1999 nondum
1229 1937 1298 1998 erat
1320 1933 1392 2017 ipse
1487 1971 1488 1974 =

213 2042 232 2085 a
256 2024 371 2085 senatu
399 2021 506 2086 socius
530 2021 725 2104 appellatus,
752 2025 822 2086 erat
849 2025 961 2086 tamen
988 2021 1091 2086 frater
1114 2022 1183 2086 eius
1205 2022 1308 2106 regis,
1334 2022 1392 2105 qui

211 2214 261 2283 qui
274 2212 351 2283 apud
364 2228 411 2267 eos
425 2213 569 2266 accusatus
590 2212 619 2267 ct
632 2210 774 2280 utriusque
828 2211 1056 2282 magistratuum,
1088 2213 1142 2268 wie
1173 2217 1208 2267 98
1235 2213 1392 2283 potestates
1487 2253 1488 2258 κ

212 2284 333 2340 censoris
356 2281 497 2339 sententia
519 2282 668 2337 damnatus
693 2285 774 2338 esset.
828 2283 1046 2354 magistratuum
1073 2282 1209 2340 ebeufalls
1233 2284 1306 2338 nach
1328 2283 1393 2338 rali-

95 2377 100 2382 ·
211 2356 265 2410 hac
288 2370 354 2424 ergo
377 2352 436 2408 eius
458 2353 523 2424 lege
546 2369 690 2408 censuram
713 2394 720 2407 .
740 2395 774 2408 ..
850 2353 934 2421 ‘ones
955 2353 1088 2424 auspicia
1106 2357 1110 2419 Ι
1126 2359 1334 2423 aequaretur,
1356 2360 1391 2408 '13

212 2425 353 2481 sublatam
373 2423 421 2478 ait.
442 2423 447 2492 1
468 2425 502 2478 ab
525 2439 581 2477 mro
601 2453 634 2462 -
652 2424 775 2478 inamar-
865 2440 971 2478 mmam
997 2427 1145 2494 quassatae
1176 2424 1355 2494 reipublicae.
1387 2425 1391 2496 Ι

211 2497 324 2560 rabilia,
341 2493 529 2549 rhetorischer
542 2493 706 2563 Gegensatz,
722 2494 775 2547 wie
828 2495 994 2562 uidebamus,
1011 2495 1092 2550 nicht
1108 2495 1242 2551 vidimus:
1267 2497 1394 2550 mussten

209 2567 240 2622 Z.
264 2573 281 2620 4
304 2565 354 2620 uni
376 2563 502 2619 helluoni
529 2564 586 2631 bis,
615 2564 718 2618 cbenso
740 2571 775 2618 49
829 2564 881 2618 wir
890 2565 1394 2650 sehen=erlebenltepebibaaicia,
1486 2585 1487 2634 i

213 2635 443 2705 unusbisremp.
459 2634 575 2690 servavi.
593 2639 597 2701 Ι
613 2636 776 2690 atranc'asie
828 2635 908 2690 nicht
935 2635 1037 2690 cinmal
1065 2636 1152 2692 durch
1177 2653 1259 2692 c1ncn
1282 2637 1393 2692 Senats-

212 2739 246 2748 -
265 2707 419 2772 trientibus,
438 2706 489 2777 6¹,
509 2707 563 2775 As,
586 2705 632 2765 iun
649 2706 775 2761 walchen
829 2706 986 2774 beschluss‚
1010 2707 1063 2762 wie
1086 2707 1114 2762 Z.
1140 2713 1182 2763 15.
1206 2714 1249 2764 16.
1265 2709 1270 2777 l
1288 2708 1395 2763 Matris

211 2778 290 2834 Preis
307 2778 380 2833 nach
399 2778 449 2832 der
478 2795 512 2832 ex
530 2775 662 2832 Terentia
681 2775 776 2840 (tassia
831 2777 968 2846 Magnae,
991 2777 1037 2832 die
1060 2795 1157 2848 grosse
1180 2778 1393 2847 Gottermuttar‚

212 2849 261 2904 des
284 2849 383 2904 Jahres
408 2853 442 2902 ⁷3
470 2847 500 2902 in
522 2848 704 2917 Emenerung
726 2849 777 2903 der
830 2848 873 2902 oft
886 2847 1145 2905 auchblossMater
1158 2852 1284 2919 genennt
1297 2849 1393 2931 (Verg.

211 2920 258 2974 lex
271 2918 455 2974 frumentaria
469 2917 517 2973 des
532 2918 561 2973 O.
572 2918 714 2974 Gracchus
725 2925 775 2974 123
831 2934 927 2990 georg.
946 2925 971 2989 4,
991 2925 1038 2987 64;
1058 2918 1108 2975 Ov.
1126 2919 1192 2976 fast.
1212 2926 1237 2986 4,
1257 2923 1328 2988 250),
1348 2919 1395 2974 dre

212 2991 278 3044 dem
299 2989 374 3044 Volk
395 2988 552 3043 monatlicb
573 2987 638 3042 funi
657 2987 776 3045 Schcffel
830 2989 860 3043 in
880 2989 1023 3057 Pessinos,
1045 2990 1096 3044 der
1117 2990 1292 3058 Hauptstadt
1309 2989 1394 3044 Gala-

212 3059 343 3115 Getreide
365 3060 410 3113 fiir
429 3059 516 3130 jeden
534 3059 692 3114 Hausvater
711 3076 776 3115 vom
829 3060 916 3128 tiens,
943 3062 1026 3114 unter
1048 3060 1113 3114 dem
1135 3059 1244 3114 Numen
1267 3058 1396 3128 Agdistis
1484 3105 1485 3118 ,

214 3131 310 3187 Staate
331 3130 496 3200 abgelassen
513 3130 622 3196 surde,
645 3130 776 3185 wahrend
830 3131 943 3186 verchrt
963 3130 1066 3186 warde.
1087 3133 1092 3198 ί
1111 3130 1251 3184 cauum
1274 3128 1314 3182 im
1336 3131 1396 3184 An-
1484 3121 1485 3203 l

213 3203 264 3256 der
276 3199 444 3270 Marktpreis
464 3201 513 3254 das
527 3199 661 3256 Scheffels
680 3218 714 3254 zu
733 3199 776 3256 (ti-
830 3201 938 3255 schluss
960 3218 996 3256 an
1018 3199 1064 3254 die
1087 3198 1206 3271 dbrigen
1227 3198 1394 3270 Participia3

214 3288 291 3327 ceros
305 3271 367 3326 Zeit
380 3275 413 3324 12
429 3272 466 3325 As
480 3287 546 3325 war.
564 3274 568 3339 Ι
585 3273 639 3340 icoc
653 3315 659 3326 .
671 3311 677 3324 .
688 3312 694 3324 .
704 3287 775 3338 aaa,
830 3272 994 3326 sonsthatte
1004 3269 1249 3326 esveniithcissen
1258 3275 1392 3339 mussent

212 3341 359 3396 unsichere
367 3340 537 3411 Ergtnaung
547 3341 597 3396 der
605 3341 660 3395 hsr.
672 3341 775 3396 Ueber·
828 3341 998 3410 Brogitaro,
1035 3341 1127 3395 cinam
1163 3341 1394 3412 Schwiegerschn

212 3411 359 3536 lieierung.
384 3410 465 3466 Nach
479 3416 521 3465 25.
533 3417 567 3466 53
581 3427 674 3466 waren
688 3412 775 3466 durch
828 3411 877 3466 des
895 3411 1001 3482 Ktnigs
1018 3411 1175 3468 Deiotarus.
1196 3414 1200 3481 1
1220 3413 1392 3482 religionum,

214 3483 295 3538 einen
355 3481 560 3536 olksbesehluss
594 3481 634 3536 im
664 3481 775 3537 Wider-
828 3481 1032 3550 Gottesdicnst;
1051 3484 1182 3552 pecuaria,
1201 3482 1392 3549 Geldsnmme3

214 3553 316 3624 spruch
323 3551 775 3622 mitdsrlexSempronia,welche
828 3554 967 3624 religiosa,
980 3553 1168 3609 Priesteramt.
1186 3555 1190 3623 Ι
1206 3560 1265 3609 eam
1275 3553 1393 3608 iststatt

214 3625 302 3679 durch
326 3623 380 3678 den
398 3623 484 3678 Sonat
506 3623 561 3678 den
578 3623 700 3678 Gonsnln
725 3639 775 3678 vor
829 3622 1390 3693 deshandschriitlicheneanothwendig,

214 3695 290 3749 ihrer
303 3693 390 3748 Wahl
408 3693 452 3748 die
467 3693 621 3749 Provinzen
635 3693 775 3749 anweisen
829 3694 866 3749 da
879 3694 940 3750 hier
954 3713 1007 3750 nur
1021 3695 1082 3750 eine
1095 3695 1257 3763 Beriahung
1276 3693 1327 3747 aui
1342 3693 1391 3748 das

214 3764 294 3832 liess,
320 3764 384 3818 dem
407 3763 542 3819 Gabinius
565 3764 623 3819 und
640 3763 705 3820 Piso
729 3764 774 3820 die
828 3766 900 3822 eben
917 3766 1134 3835 vorangehende
1156 3765 1293 3834 religione
1313 3768 1391 3834 mbg-

215 3836 413 3906 gewunschten
429 3835 584 3890 Provirm
603 3834 699 3904 Syrien
717 3836 775 3890 und
829 3837 886 3891 lich
896 3838 941 3892 ist.
952 3837 1078 3906 traducti,
1093 3853 1149 3890 was
1160 3834 1230 3889 Cato
1242 3833 1388 3889 ausfflhran

214 3905 397 3962 Macedonian
423 3903 597 3960 namentlich
615 3907 774 3962 zuerkannt
829 3909 943 3962 musste.
960 3907 1163 3978 {Byzantium
1181 3923 1215 3959 au
1234 3911 1269 3960 64
1288 3905 1342 3972 At
1413 3913 1442 3950 7·

214 3977 309 4032 Dutch
331 3976 413 4032 einen
435 3991 525 4031 neuen
544 3975 776 4032 Volksbsschluss
867 3979 1050 4043 Ptolernacas,
1077 3975 1170 4046 Ktnig
1196 3992 1252 4031 von
1274 3974 1346 4046 Cype

214 4048 309 4103 warde
318 4047 394 4103 daun
404 4047 468 4102 dem
478 4045 614 4102 Gabinius
620 4046 718 4116 Syrien
727 4064 775 4102 an-
830 4048 936 4102 Bruder
951 4047 1000 4102 des
1014 4045 1191 4102 Ptolemaeus
1204 4047 1319 4102 Auletes
1337 4065 1346 4100 t

215 4119 287 4173 statt
295 4117 556 4174 Cicilienrulhsil.
570 4117 573 4187 l
586 4123 774 4186 21.4et‚zup.
830 4119 991 4188 Aegyptam
1026 4117 1075 4172 der
1106 4117 1171 4172 dem
1198 4117 1345 4188 personlicl

216 4195 258 4257 37,
271 4188 384 4260 10.lDie
393 4186 492 4244 Worte
501 4189 554 4243 cai
564 4219 596 4228 -—
606 4188 777 4244 deleberaadi
829 4189 919 4244 Hasse
937 4189 986 4244 des
1001 4188 1115 4244 Clodius
1131 4207 1194 4243 aum
1207 4187 1293 4259 Opier
1306 4188 1353 4242 fall

216 4258 279 4314 sind
291 4275 348 4314 von
361 4258 458 4314 Cicero
471 4259 609 4314 hthnisch
622 4258 776 4329 gleichsam
831 4261 944 4316 musste.
973 4260 1089 4315 Auletes
1102 4260 1182 4315 hatte
1194 4259 1282 4314 durch
1293 4257 1369 4313 Casa

215 4330 258 4384 als
272 4329 368 4384 Inhalt
386 4329 435 4384 des
449 4329 579 4385 Gesetres
597 4329 775 4400 angeium!
832 4329 1042 4403 Vermittelung
1069 4335 1103 4386 59
1131 4330 1194 4400 lega
1221 4332 1252 4385 et
1279 4331 1369 4385 senatu

162 4400 196 4450 ὃὸ
251 4417 319 4469 cam,
337 4405 371 4456 33
390 4418 426 4454 m.
444 4404 634 4471 {potestatam
655 4401 779 4457 ntmlich
833 4402 960 4458 consulto
979 4403 1025 4458 dic
1044 4399 1366 4472 consenescamus
