2950 4882
401 249 473 305 PRO
492 251 522 304 P.
542 249 667 305 SESTIO
687 250 822 305 ORATIO
843 256 990 306 118—122.
1241 252 1282 317 73

111 413 281 478 vobiscum
299 435 351 477 me
366 413 495 478 stetisse
513 413 649 497 dicebat,
671 416 798 478 vestros
812 413 939 478 ordines
957 413 1211 479 demonstrabat!
1234 435 1282 480 re-

111 503 289 567 vocabatur
312 503 354 566 ab
378 503 536 566 universis
655 543 664 558 ·

616 589 661 654 ‘re
685 590 784 656 dubia

224 679 311 744 haud
334 678 490 743 dubitarit
511 677 614 743 vitam
637 679 750 744 offerre
773 681 833 744 nec
855 681 954 763 capiti
975 678 1172 763 pepercerit'

75 768 193 832 shaec
223 768 352 852 quantis
380 767 500 832 abillo
530 768 724 832 elamoribus
747 769 940 853 agebantur!
969 790 1042 834 cum
1068 769 1135 832 iam
1162 769 1334 835 omissolal

111 859 208 941 gestu
230 857 337 921 verbis
359 859 474 940 poetae
497 860 530 920 et
557 856 664 922 studio
691 857 811 922 actoris
834 860 867 920 et
894 857 1125 942 exspectationi
1152 861 1284 922 nostrae

109 945 331 1028 plauderetur:
365 944 537 1009 ‘summum
565 945 716 1026 amicum,
749 949 875 1011 stimmo
901 946 937 1010 in
962 944 1073 1029 bello,'
1100 967 1176 1010 nam
1202 946 1284 1011 illud

110 1035 183 1118 ipse
206 1038 297 1098 ector
315 1033 511 1119 adiungebat
524 1035 628 1100 amico
644 1035 753 1099 animo
768 1037 801 1098 et
821 1035 960 1099 fortasse
983 1034 1130 1100 homines
1152 1039 1285 1119 propter

110 1123 244 1207 aliquod
267 1122 460 1186 desiderium
488 1124 724 1209 adprobabant,
752 1122 891 1188 ‘siimmo
917 1124 1048 1209 ingenio
1075 1123 1283 1207 praeditumi'

61 1229 95 1268 1⁰
109 1212 181 1275 iam
202 1212 271 1294 illa,
299 1215 419 1296 quanto
443 1233 516 1284 cum
540 1211 663 1297 gemitu
689 1212 803 1295 populi
824 1210 962 1276 Romani
985 1212 1026 1277 ab
1051 1213 1163 1277 eodem
1185 1213 1284 1296 paulo
1298 1226 1334 1284 51

110 1303 189 1384 post
211 1301 246 1364 in
274 1301 386 1366 eadem
410 1299 521 1364 fabula
544 1304 621 1365 sunt
642 1301 728 1365 acta!
757 1299 789 1365 ‘o
811 1300 929 1384 pa‘terl'
1060 1323 1126 1385 me,
1153 1323 1205 1366 me
1228 1301 1284 1365 ille

110 1389 280 1454 absentem
306 1393 345 1453 ut
371 1392 496 1473 patrem
524 1389 756 1473 deplorandum
781 1390 932 1473 putabat,
959 1411 1054 1475 quem
1079 1389 1115 1466 Q.
1141 1389 1285 1473 Catulus,

112 1499 210 1562 quem
237 1478 331 1542 multi
358 1478 413 1542 alii
441 1499 537 1562 saepe
563 1479 599 1542 in
626 1481 741 1543 senatu
767 1481 892 1562 patrem
919 1479 1042 1561 patriae
1069 1479 1284 1544 nominarant

111 1569 235 1651 quanto
268 1589 340 1632 cum
372 1567 449 1632 fletu
481 1567 519 1630 de
548 1567 614 1630 illis
648 1566 770 1632 nostris
801 1567 958 1632 incendiis
991 1589 1029 1632 ae
1059 1568 1174 1651 ruinis,
1212 1589 1285 1632 cum

64 1671 95 1711 1⁵
111 1658 238 1738 patrem
261 1657 399 1738 pulsum,
421 1655 562 1741 patriam
576 1655 738 1720 adflictam
752 1655 942 1739 deploraret,
965 1656 1097 1722 domum
1111 1657 1285 1740 incensam,

111 1765 270 1809 eversam:
296 1765 378 1829 quae
400 1745 446 1809 sic
467 1745 547 1830 egit,
569 1747 618 1827 ut,
641 1743 861 1809 demonstrata
883 1744 1022 1827 pristina
1043 1744 1188 1826 fortuna,
1212 1767 1284 1810 cum

112 1855 148 1896 se
177 1833 400 1915 convertisset,
436 1832 530 1898 ‘haec
563 1833 673 1898 dmnia
698 1832 765 1898 vidi
798 1832 1007 1896 inflammari'
1041 1833 1154 1897 fletum
1186 1834 1285 1898 etiam

110 1921 251 1986 inimicis
271 1925 376 2006 'atque
403 1923 520 1987 invidis
549 1923 715 1987 excitaret!
744 1943 802 2005 pro
820 1921 859 1986 -di
881 1922 1092 1986 immortales!
1121 1921 1197 2006 quid
1218 1922 1337 2005 illanc

113 2031 210 2094 quem
234 2010 429 2075 admodum
452 2010 654 2075 dixit-idem!
678 2032 760 2094 quae
783 2010 863 2074 mihi
887 2010 1014 2094 quidem
1036 2011 1084 2075 ita
1107 2016 1140 2074 et
1163 2014 1236 2076 acta
1254 2015 1286 2076 et

67 2117 97 2156 πο
114 2098 237 2183 scripta
249 2098 399 2163 videntur
422 2121 501 2183 esse,
523 2103 560 2163 ut
573 2099 625 2163 161
648 2122 669 2164 a
682 2099 719 2175 Q.
733 2098 859 2177 Catulo,
882 2100 910 2164 si
923 2099 1100 2183 revixisset,
1122 2100 1286 2188 praeclare

7 2255 9 2260 ,
114 2209 212 2271 posse
236 2187 299 2252 dici
321 2188 517 2272 viderentur,
540 2189 569 2252 is
591 2188 678 2252 enim
700 2189 800 2252 libere
823 2187 1055 2272 reprehendere
1079 2190 1112 2252 et
1135 2210 1285 2253 accusare

114 2276 227 2360 populi
241 2298 309 2341 non
330 2299 507 2361 numquam
530 2277 746 2341 temeritatem
760 2277 886 2342 solebat
904 2280 960 2341 aut
974 2298 1115 2342 errorem
1138 2280 1283 2343 senatus:
1363 2319 1371 2332 .

156 2364 187 2429 ‘o
210 2363 386 2450 ingratifici
409 2363 536 2458 Argivi,
559 2367 717 2430 immunes
741 2365 832 2448 (11611,
854 2367 1060 2430 immemores
1083 2365 1246 2432 beneficil'

114 2577 177 2631 sich
198 2576 228 2630 iu
251 2575 381 2630 Γ11111161
408 2576 558 2631 1166611116
579 2575 673 2630 Β6116-
727 2594 775 2630 aur
802 2576 997 2631 Andromache
1022 2576 1072 2630 dee
1098 2575 1203 2629 Ennius
1230 2575 1287 2629 und

114 2665 200 2718 gang.
217 2650 325 2716 lpocto,
333 2647 435 2700 Accius
444 2647 483 2700 im
492 2647 654 2716 Eurysacen.
667 2645 672 2718 1
726 2647 823 2702 lauten
838 2647 877 2700 im
893 2647 1179 2716 Zusammenbangzo
1198 2646 1287 2714 pater,

114 2719 172 2788 qui,
186 2719 236 2772 der
245 2716 423 2773 Telamonier
434 2717 513 2772 Aiax.
530 2719 535 2786 1
550 2719 674 2772 redebio
728 2734 745 2772 o
762 2716 863 2787 patria,
882 2733 898 2771 o
916 2717 1022 2772 Priami
1039 2717 1138 2771 domus
1153 2716 1287 2784 Saeptum

115 2820 149 2827 —
176 2790 338 2858 pepercerit,
365 2805 441 2842 mnes
467 2805 522 2858 eng
548 2807 583 2842 zu
610 2784 674 2844 dem
728 2788 847 2842 altisono
862 2787 973 2843 cardine
985 2787 1135 2858 templum!
1154 2786 1221 2840 Vidi
1234 2789 1287 2856 ego

114 2859 362 2929 vorhergehenden
387 2861 489 2929 gehort
509 2859 614 2926 haben,
644 2876 674 2914 so
727 2861 757 2914 te
788 2860 898 2914 astante
929 2875 981 2941 ope
1014 2857 1162 2913 barbarica
1193 2858 1287 2912 Tectis

115 2931 179 2986 dass
216 2932 289 2984 auch
320 2931 499 2984 revocabatur
530 2931 565 2984 ab
597 2931 673 2984 mar.
728 2929 844 2984 caelatis
852 2929 980 2998 ltcuabs,
991 2930 1067 2984 Auro
1077 2930 1159 2985 ebore
1168 2928 1287 2984 instruc·

115 2996 159 3056 ale
190 3002 278 3072 Folge
310 3001 360 3055 des
391 3001 600 3056 demonstrabat
634 3017 675 3056 er·
728 3003 789 3056 tam
815 3001 939 3074 regifice.
988 3000 1068 3055 Haec
1104 3001 1199 3054 omnia
1229 2998 1288 3055 vidi

116 3072 238 3142 scheint,
257 3071 310 3126 wie
327 3090 355 3141 p.
376 3076 418 3140 75,
438 3078 461 3128 1.
482 3077 524 3139 74,
543 3077 586 3126 20.
622 3072 675 3127 Die
728 3071 903 3140 inflammari,
913 3071 1024 3126 Priamo
1038 3071 1165 3126 vivitam
1179 3071 1287 3138 evitari,

117 3143 247 3212 Stollung
264 3159 320 3198 von
337 3160 367 3197 re
384 3143 470 3197 dubia
494 3144 534 3197 im
552 3143 621 3198 Vers
638 3144 677 3198 ist
728 3142 802 3197 Iovis
816 3145 894 3196 tram
910 3143 1046 3212 sanguine
1064 3141 1179 3197 turbari.
1216 3142 1287 3197 Dare

116 3214 253 3270 unsicher.
282 3213 400 3283 Seyffert
415 3214 470 3268 las=
486 3215 560 3284 stat,
574 3216 636 3270 stet.
652 3231 675 3270 c.
729 3213 820 3268 dieser
850 3213 1093 3282 Zueammenhang
1124 3214 1196 3266 auch
1227 3212 1289 3268 hier

116 3287 198 3353 Ach,
216 3303 246 3340 re
265 3285 292 3339 d.
307 3285 383 3341 haud
396 3284 566 3340 dubitaverit
580 3285 675 3340 Vitam
728 3284 917 3354 festgebalteu
930 3283 1009 3354 wird,
1028 3283 1126 3353 aeigen
1137 3283 1287 3339 besonders

116 3374 175 3411 non
191 3355 311 3411 invitam
328 3355 427 3411 offerre
445 3373 497 3412 nec
515 3373 537 3412 c.
558 3374 586 3427 p.
603 3360 607 3426 1
729 3355 775 3409 die
785 3355 883 3410 Worte
897 3357 1089 3422 dmmrstotc,
1099 3356 1221 3423 pristino
1231 3355 1287 3421 for-

61 3429 114 3478 121
154 3429 227 3494 buco,
240 3427 422 3482 beziehtsich
435 3427 673 3482 1111161666-
728 3431 806 3480 turea.
823 3427 827 3494 1
842 3426 1288 3492 reconvertissct,mitdamselben

117 3500 194 3552 bello.
214 3501 218 3566 1
239 3499 415 3564 edacioribus,
438 3515 493 3553 von
512 3499 608 3554 Seiten
625 3499 675 3553 des
727 3497 827 3552 Zweclr
845 3497 897 3551 wie
916 3498 944 3554 Z.
965 3503 979 3551 1
999 3497 1217 3552 demonstrabat.
1234 3497 1238 3563 1

117 3569 231 3637 1611166,
245 3570 280 3624 de
294 3574 430 3637 or.1,152
445 3570 515 3624 haec
529 3571 675 3638 suntquae
753 3573 789 3622 ct
807 3573 869 3623 acto
887 3573 912 3622 ct
933 3569 1051 3636 sumto,
1073 3567 1127 3622 wie
1150 3584 1179 3622 es
1196 3585 1223 3636 p.
1244 3573 1339 3636 74‚122

117 3641 253 3695 clamores
275 3642 304 3695 et
326 3638 523 3695 admirationes
546 3641 575 3694 in
593 3641 675 3694 bonis
728 3645 754 3695 4.
773 3644 799 3694 ὃ.
817 3638 915 3694 heisst=
935 3639 1046 3708 scripsit
1062 3640 1147 3708 poete
1164 3655 1215 3708 pro
1232 3655 1286 3705 me,

118 3710 275 3766 oratoribus
283 3710 416 3766 efficiunt.
426 3711 675 3782 lemauso-uerbis,
729 3710 789 3780 egit
802 3711 880 3764 actor
898 3709 932 3764 dc
946 3725 999 3763 me.
1016 3713 1019 3779 1
1035 3710 1076 3764 661
1089 3710 1140 3764 der
1155 3710 1228 3764 doch
1242 3708 1288 3763 ein

118 3781 164 3838 dia
180 3781 279 3837 Worte
297 3782 397 3851 solbat,
420 3781 500 3836 nicht
521 3782 567 3836 die
586 3781 678 3836 Kunst
730 3787 856 3850 strenger
888 3780 1009 3834 Tadeler
1044 3780 1094 3835 des
1130 3780 1287 3836 remiscben

119 3852 675 3922 desSohauspielers‚nordenbelrlascht.
729 3850 834 3906 Volkes
866 3867 932 3906 war.
958 3854 962 3919 1
988 3870 1005 3905 a
1035 3852 1065 3922 11.
1095 3852 1206 3916 Catulo,
1238 3850 1288 3904 das

122 3925 126 3996 1
148 3926 235 3979 amico
253 3926 354 3991 6111166,
374 3925 436 3979 ‘aus
450 3924 674 3990 Freundschalt’‚
728 3922 893 3988 Pronomen,
906 3923 1033 3990 welches,
1048 3939 1128 3977 wenn
1141 3923 1191 3976 der
1197 3921 1287 3974 Name

119 4014 147 4066 p.
165 3996 259 4050 Pleno.
281 4001 332 4050 160
355 3995 449 4050 animo
473 3994 648 4050 amicissimo.
670 3995 673 4066 1
730 3994 800 4048 eben
817 3994 1068 4065 rorbergegangen
1086 3993 1135 4060 ist,
1154 3993 1288 4063 3611111-

119 4069 152 4121 r'a
169 4067 261 4121 eudem
277 4067 375 4134 fabola
392 4065 431 4122 ist
448 4083 506 4122 von
519 4066 574 4121 Cic.
594 4082 675 4136 zuge-
729 4064 786 4118 lioh
809 4063 949 4133 wegsallt,
973 4064 1078 4120 61111111
1096 4063 1156 4118 6161
1178 4064 1288 4132 darana,

121 4140 194 4192 setzt
210 4156 258 4191 um
277 4137 377 4192 darauf
393 4137 595 4203 hinaudenten,
614 4138 676 4191 dass
730 4136 793 4190 dues
816 4134 932 4190 Catulus
958 4136 1000 4190 ele
1025 4134 1190 4189 Musterbild
1214 4134 1289 4189 einer

120 4211 246 4278 Aesopus
256 4208 405 4263 dieWorte
414 4225 464 4263 aas
472 4209 548 4264 einer
555 4209 677 4263 anderen
730 4207 979 4276 ausgeaeichneten
993 4205 1160 4260 Charakters
1175 4205 1287 4261 formel-

122 4280 261 4350 Tregddie
280 4278 504 4348 extemporirend
525 4297 561 4333 an
584 4279 677 4348 geeig·
730 4278 792 4332 hait
809 4277 974 4347 hingestellt
990 4276 1068 4332 wird.
1085 4280 1088 4345 1
1105 4294 1121 4332 o
1136 4277 1288 4346 taprotifici

123 4352 201 4404 noter
228 4350 323 4406 Stella.
344 4351 486 4405 einechob.
525 4349 578 4404 Die
606 4349 678 4404 oster
731 4349 893 4415 —tercea
912 4347 1011 4402 Dieser
1023 4348 1080 4403 und
1094 4348 1144 4403 der
1157 4348 1195 4402 fol
1218 4346 1288 4402 ende

122 4421 307 4492 angeiilbrten
341 4422 503 4490 Anaptsten
543 4421 679 4489 gebtrten
731 4419 801 4474 Vere
824 4419 886 4474 sind
908 4418 1012 4474 wieder
1034 4435 1084 4474 eus
1115 4365 1288 4487 (161111111-
1396 4417 1399 4422 ’
