3026 4876
208 245 254 310 34
607 244 645 300 Μ.
665 243 787 300 TULLII
805 241 998 298 CICERONIS

209 429 305 472 suum
318 410 474 475 terrorem
496 406 582 472 falso
596 405 711 472 iactari
725 405 907 490 opponique
920 405 1073 490 patiatur.
1103 427 1279 489 numquam
1297 405 1397 478 deni-

209 519 271 580 que
285 496 348 560 crit
368 498 438 560 tam
452 515 623 579 oppressus
638 497 779 576 senatus,
800 497 837 560 ut
855 493 886 557 ei
907 515 949 558 ne
972 493 1173 576 supplicandi
1195 493 1323 578 quidem
1348 515 1395 560 ec

208 583 342 668 lugendi
365 583 410 648 sit
433 583 586 666 potestas,
608 586 678 648 tam
701 585 814 666 captus
838 585 985 668 equester
1008 582 1097 665 ordo,
1119 585 1157 646 ut
1180 581 1303 666 equites
1318 581 1390 648 Ro-

209 673 298 736 mani
321 694 343 736 a
362 671 495 736 consule
517 672 711 756 relegentur.
747 692 829 754 quae
846 691 920 734 cum
934 670 1044 737 omnia
1058 672 1155 754 atque
1169 670 1268 736 etiam
1282 671 1392 736 multo

209 761 275 827 alia
297 759 433 843 maiora,
461 781 544 844 quac
571 759 718 824 consulto
745 761 926 842 praetereo,
954 757 1159 841 accidissent,
1187 757 1303 826 videtis
1329 775 1422 822 met»

209 852 319 914 tamen
347 849 384 914 in
411 869 518 919 meam
544 847 719 929 pristinam
746 847 938 932 dignitatem
966 845 1056 910 brevi
1087 850 1234 930 ternpore
1262 846 1391 912 doloris

209 936 381 1004 interiecto
403 936 451 1000 rei
473 934 625 1018 publicae
647 956 726 1000 voce
749 957 819 1002 csse
841 939 1037 1002 revocatum.

154 1039 194 1094 24
301 1023 365 1090 Sed
378 1027 417 1088 ut
428 1027 573 1090 revertar
587 1023 628 1090 ad
640 1023 730 1107 illud,
753 1023 839 1108 quod
852 1023 933 1088 mihi
946 1023 981 1088 in
993 1023 1056 1088 hac
1070 1022 1159 1089 omni
1173 1026 1224 1086 est
1236 1023 1387 1088 oratione

154 1127 188 1176 53
207 1113 425 1196 propositum,
457 1112 608 1178 omnibus
640 1111 735 1176 maiis
762 1112 818 1176 illo
848 1133 934 1178 anno
967 1111 1086 1176 scelere
1113 1111 1282 1176 consulum
1313 1133 1385 1176 rem

207 1201 370 1284 publicam
384 1221 455 1266 esse
470 1199 660 1283 confectam,
677 1200 818 1282 primum
832 1200 889 1266 illo
903 1200 975 1283 ipso
990 1199 1051 1284 die,
1070 1199 1124 1284 qui
1139 1199 1220 1264 mihi
1233 1199 1382 1264 funestus
1402 1218 1433 1256 ιο

158 1307 162 1314 ·
207 1289 279 1372 fuit,
303 1288 454 1354 omnibus
477 1288 572 1352 bonis
595 1289 770 1367 luctuosus,
794 1309 867 1354 cum
891 1308 952 1372 ego
966 1309 1018 1352 me
1033 1309 1050 1352 e
1064 1288 1235 1370 complexu
1255 1287 1384 1371 patriae

207 1380 443 1460 conspectuque
471 1379 578 1442 vestro
611 1376 800 1459 eripuissem
828 1380 861 1442 et
887 1372 1104 1442 metu'vestri
1135 1374 1283 1460 periculi,
1314 1397 1384 1442 non

207 1465 280 1547 mei,
302 1465 405 1530 furori
427 1464 579 1547 hominis,
602 1465 724 1547 sceleri,
745 1463 911 1548 perfidiae,
933 1464 1008 1530 telis
1031 1464 1190 1547 minisque
1213 1464 1383 1530 cessissem

206 1553 425 1636 patriamque,
453 1573 535 1636 quae
563 1551 644 1616 mihi
672 1557 743 1617 erat
768 1553 948 1637 carissima,
977 1556 1109 1637 propter
1131 1552 1234 1636 ipsius
1257 1553 1383 1635 patriae

207 1641 376 1707 caritatem
398 1640 611 1724 reliquissem,
633 1662 706 1708 cum
725 1663 832 1706 meum
855 1641 946 1708 ilium
960 1663 1071 1708 casum
1091 1643 1160 1706 tam
1182 1641 1382 1724 horribilem,
1398 1661 1429 1700 1⁵

206 1733 276 1791 tam
304 1749 450 1813 gravem,
477 1733 546 1796 tam
572 1729 779 1813 repentinum
801 1751 869 1796 non
896 1729 1001 1794 solum
1028 1729 1190 1812 homines,
1218 1729 1274 1795 sed
1295 1733 1383 1796 tecta

206 1817 299 1883 urbis
322 1839 359 1882 ac
382 1818 504 1901 templa
527 1817 684 1902 lugerent,
707 1839 804 1884 nemo
825 1821 968 1884 restrum
991 1818 1107 1896 forum,
1130 1839 1226 1884 nemo
1250 1817 1385 1900 curiam,

207 1926 304 1970 nemo
328 1906 431 1970 lucem
455 1905 598 1988 aspicere
616 1907 772 1972 vellct-
785 1907 852 1989 illo,
874 1907 1017 1992 inquam,
1040 1907 1112 1990 ipso
1136 1905 1197 1990 die,
1219 1906 1270 1971 die
1287 1905 1384 1972 dico?

207 1993 307 2058 immo
330 1993 414 2058 hora
435 1997 533 2078 atque
556 1996 676 2076 puncto
699 1995 856 2078 temporis
871 1995 983 2060 eodem
1005 1995 1087 2060 mihi
1104 1995 1215 2078 reique
1234 1994 1383 2078 publicas

206 2081 379 2163 pernicies,
411 2080 550 2148 Gabinio
583 2084 617 2146 et
642 2079 754 2148 Pisoni
786 2083 954 2165 provincia
984 2086 1102 2168 regaie
1130 2087 1189 2146 est.
1237 2103 1299 2166 pro
1329 2083 1382 2146 dai
1397 2104 1429 2144 ao

206 2169 416 2252 immortales,
439 2169 588 2236 custodes
602 2172 636 2233 et
649 2173 890 2236 conservatores
912 2171 1008 2236 huius
1022 2171 1112 2236 urbis
1127 2174 1224 2255 atque
1240 2171 1382 2254 imperii!

206 2279 364 2341 quaenam
379 2258 438 2324 illa
459 2258 494 2324 in
516 2257 696 2340 republica
718 2262 873 2342 monstra,
895 2281 979 2343 quae
1000 2260 1120 2326 scelera
1139 2259 1279 2326 vidistis!
1303 2259 1383 2324 civis

208 2347 279 2410 erat
302 2347 453 2428 expulsus
475 2346 513 2427 is,
537 2347 683 2429 quirem
705 2347 868 2429 publicam
893 2369 933 2412 ex
946 2351 1078 2414 senatus
1102 2347 1294 2414 auctoritate
1308 2369 1383 2412 cum

207 2433 359 2498 omnibus
382 2433 476 2498 bonis
500 2433 696 2514 defenderat,
720 2437 755 2499 et
777 2435 929 2518 expulsus
952 2457 1018 2500 non
1040 2436 1104 2502 alio
1128 2436 1246 2520 atiquo,
1269 2435 1324 2502 sed
1342 2457 1383 2501 eo

206 2522 279 2605 ipso
304 2521 452 2604 crimine3
480 2523 550 2585 erat
577 2525 686 2586 autem
708 2523 860 2606 expulsus
884 2524 953 2589 sine
976 2523 1109 2607 iudicio,
1135 2524 1183 2608 vi,
1210 2524 1383 2607 lapidibus,
1398 2546 1428 2585 aa

203 2675 266 2730 eine
285 2675 426 2732 drohende
444 2676 560 2744 Wcllre,
582 2676 643 2733 Liv.
663 2683 710 2747 22,
733 2684 767 2733 30
821 2680 859 2733 ad
882 2679 962 2735 iilud.
983 2680 987 2748 Ι
1007 2681 1132 2734 munibus
1159 2681 1253 2747 malie,
1285 2699 1319 2734 au
1346 2686 1382 2734 39

202 2745 317 2802 tandem
336 2763 398 2802 eam
411 2747 523 2816 nubem,
542 2765 615 2817 quae
630 2749 719 2804 sidere
737 2750 766 2803 in
821 2757 916 2804 omnes
939 2749 1169 2816 necessitudinem
1200 2755 1233 2805 55
1258 2749 1382 2805 omnium

203 2818 278 2942 ere
296 2820 433 2943 ’ῗὲιῖᾟέ
453 2819 537 2944 iii?
553 2818 606 2958 Est}
623 2836 767 2944 ffl-
819 2821 1039 2946 ‘⁰”ff¹⁹‘¹³⁰¹'¹¹“¹1·21'
1059 2823 1142 2947 'itt
1160 2823 1223 2946 ‘'t‘'
1248 2827 1290 2875 ²⁷·
1308 2823 1384 2946 ¹322

204 2957 259 3012 sin
290 2974 345 3012 von
377 2957 468 3013 rainer
501 2909 576 3014 Sdite
610 2931 767 3016 drohendei
818 2907 950 3018 iiiiiii
960 2909 1068 3032 1pictuii1
1070 2908 1197 3017 {incidere
1210 2909 1295 3030 dldairi
1305 2909 1328 3014 si
1331 2979 1384 3017 suo

205 3027 370 3085 Schrecken.
387 3030 392 3097 Ι
407 3030 522 3096 faleo-
533 3032 694 3100 opponique,
703 3031 763 3103 ὨΙ
819 3033 966 3102 complexu
983 3039 1016 3086 ut
1034 3032 1154 3101 eriperer
1169 3032 1253 3086 facile
1270 3032 1383 3099 patere-

202 3099 766 3174 amandamque,dasdritteGliedauden
818 3107 871 3157 tur.
892 3109 897 3170 Ι
917 3105 977 3158 telis
999 3103 1146 3170 miramque,
1169 3100 1222 3154 wie
1245 3101 1320 3154 sonet
1338 3102 1384 3158 vis

202 3169 305 3224 beiden
316 3171 564 3240 vorhergehenden
576 3171 697 3241 primum
708 3189 765 3227 non
819 3175 848 3226 et
865 3173 957 3226 minae
974 3171 1218 3226 ausammsnsteht.
1237 3170 1241 3242 Ι
1256 3172 1383 3244 reliquis-

197 3239 530 3308 estpericulum3deinde
537 3259 691 3310 numquam
698 3243 763 3298 iem.
816 3259 883 3308 sear,
906 3243 1006 3298 andere
1029 3241 1070 3296 als
1088 3241 1219 3296 Metellus
1240 3242 1314 3297 nach
1332 3242 1383 3298 der

203 3309 255 3364 Die
268 3310 331 3366 Hsr.
350 3310 443 3364 haben
462 3311 532 3365 statt
550 3312 664 3380 denique
678 3311 763 3379 enim;
817 3311 999 3382 Darstellung
1024 3310 1134 3367 Ciceros
1162 3313 1310 3380 et.1die,
1337 3315 1383 3368 die

203 3379 306 3434 andere
323 3380 438 3434 wollten
462 3381 556 3436 etiam.
578 3383 583 3450 Ι
602 3381 686 3436 multo
705 3384 764 3438 alia
816 3382 898 3437 dico?
917 3385 998 3437 inimo
1011 3383 1089 3450 bora,
1102 3383 1281 3454 geuthnlioh
1294 3384 1382 3438 findet

201 3451 323 3505 maiora:
337 3456 371 3506 60
386 3469 436 3518 m.;
455 3451 508 3506 wic
522 3451 664 3507 Aduerbia
677 3470 762 3523 gerne
815 3453 875 3508 sich
893 3454 922 3508 in
941 3453 1034 3510 dieser
1045 3455 1209 3509 retractatio
1228 3473 1281 3510 nur
1294 3453 1380 3508 immo

201 3521 768 3648 teis?{tetenderint
821 3524 984 3650 ‘etate’
1005 3530 1068 3650 bb
1086 3526 1140 3651 Wie-
1158 3525 1221 3650 aa
1234 3523 1381 3651 ‘'siit‘'

201 3661 255 3716 den
274 3634 377 3743 arr’den
392 3610 767 3732 demperativenstritccndeii
820 3613 1097 3746 E'iiturum,emiriiii⁸
1104 3613 1268 3722 discanidcit
1301 3613 1381 3722 misdi

200 3731 470 3800 Ablatrvenboc,eo,
483 3737 577 3800 multo,
586 3732 684 3803 paullo
698 3754 724 3790 u.
741 3752 765 3792 a.
819 3737 998 3805 wrederholt,
1031 3737 1150 3792 sordem
1180 3736 1274 3808 gleich
1304 3735 1380 3791 beim

200 3803 258 3858 Das
285 3802 506 3874 eingeschobene
534 3805 616 3861 Wcrt
642 3807 765 3876 verliert‚
819 3809 912 3862 ersten
920 3809 1115 3878 Aussprechen
1128 3805 1379 3876 bemtngeltwird.

200 3873 247 3928 dic
282 3874 427 3930 ebennten
441 3875 555 3932 wurter
567 3876 713 3948 gewinnen
729 3895 765 3932 an
821 3876 825 3948 Ι
849 3895 881 3932 ro
900 3884 948 3933 ata
970 3884 1022 3944 est,
1048 3896 1082 3934 zu
1110 3882 1144 3931 et
1171 3895 1208 3930 m.
1234 3882 1239 3940 Ι
1262 3875 1380 3943 cauma,

200 3891 378 4000 Naeidruok.
395 3948 400 4012 1
415 3945 563 4028 iniuncto,
576 3947 710 4018 ,deprcu
729 3955 764 4002 43
819 3895 899 4002 orici
922 3953 989 4004 met.
1009 3955 1056 4015 13,
1080 3953 1113 4002 70
1134 3963 1165 4002 as
1185 3946 1276 4002 iciunt
1293 3948 1381 4004 oculu

201 4015 326 4071 medium
339 4013 411 4070 illud
424 4017 612 4072 unanimum
625 4021 744 4089 tempus.
758 4019 762 4091 Ι
818 4017 911 4090 superi
920 4019 1050 4073 mortalia
1063 4017 1151 4073 iustis.
1164 3965 1239 4090 ierat
1250 4020 1380 4088 saputem

146 4097 181 4146 53
237 4088 340 4153 oratio,
357 4105 390 4141 au
410 4091 444 4140 14
462 4105 498 4143 m.
520 4089 525 4157 Ι
545 4103 598 4142 esse
616 4091 764 4156 confectam
818 4094 896 4146 ...et
909 4091 1047 4158 expulsus,
1063 4089 1116 4144 wie
1131 4107 1158 4159 p.
1175 4095 1257 4158 36,2.
1273 4096 1306 4145 10
1323 4089 1379 4144 und

200 4155 307 4210 kenntc
324 4158 397 4212 nach
416 4164 450 4214 31
468 4174 523 4213 von
544 4157 636 4213 einem
652 4159 683 4213 in
698 4176 762 4228 pro·
817 4165 832 4225 5
852 4165 885 4215 78
903 4160 980 4216 victa
998 4163 1042 4215 est
1060 4176 1144 4216 causa
1160 4159 1332 4229 reipublicae
1351 4163 1380 4214 ct

199 4227 320 4293 positum
357 4227 616 4300 eingeschlossenen
651 4229 763 4284 demon·
816 4231 892 4286 victa
905 4247 962 4286 non
975 4230 1108 4302 auspiciis
1183 4234 1188 4300 Ι
1203 4231 1259 4286 alic
1278 4231 1379 4300 clipeo,

201 4297 289 4352 strare
303 4297 448 4370 abbtngig
461 4299 532 4354 sein:
547 4299 619 4354 nach
635 4302 685 4354 112
699 4301 717 4356 i.
729 4302 762 4355 A.
817 4305 868 4356 125
901 4300 1010 4356 aliusne
1043 4303 1086 4358 est
1111 4301 1214 4370 aliquis
1245 4299 1380 4370 improbis

198 4367 304 4436 gehbrt
321 4369 432 4424 eseber
446 4369 582 4426 viclmehr
595 4389 629 4426 zu
642 4376 763 4428 reuertar
817 4372 924 4428 civibus
942 4373 1093 4442 peculiaris
1111 4371 1251 4442 populus?
1271 4371 1276 4443 Ι
