3026 4876
165 233 206 298 12
567 232 605 287 Μ.
624 231 747 288 TULLII
766 229 959 288 CICERONIS

129 409 144 466 1
165 396 276 461 omnia
289 394 490 481 reperientur
499 392 534 458 P.
545 391 643 458 Sestii
655 393 752 479 faeta,
767 391 862 475 dicta,
876 391 1012 457 consilia
1024 393 1162 454 versata.
1188 389 1344 455 funestus.

162 485 217 550 ille
232 506 335 550 annus
358 483 425 550 iam
443 482 650 566 impendebat
667 481 715 546 rei
736 481 897 564 publicae,
920 478 1050 562 iudices,
1074 499 1145 544 cum
1165 479 1200 542 in
1218 499 1338 562 magno

162 576 254 654 motu
281 575 314 636 et
343 571 520 636 multorum
551 570 667 636 timore
701 569 845 634 intentus
874 571 925 634 est
952 588 1045 632 arcus
1076 567 1112 631 in
1144 589 1196 630 me
1230 588 1340 650 uuum,

164 663 248 725 sicut
270 660 367 746 volgo
390 659 498 744 ignari
520 679 628 723 rerum
649 657 880 743 loquebantur,
903 677 938 721 re
962 655 1091 740 quidem
1115 676 1192 723 vere
1213 655 1247 720 in
1269 655 1340 720 uni-

162 770 290 814 versam
307 769 376 814 rem
393 748 566 832 publicam,
584 745 789 811 traductione
808 744 848 810 ad
866 744 995 828 plebem
1012 743 1179 808 furibundi
1196 743 1339 808 hominis
1354 761 1375 800 a

163 859 201 902 ac
222 837 350 922 perditi,
367 836 448 902 mihi
466 835 549 918 irati,
573 834 630 898 red
648 834 751 900 multo
771 833 876 900 acrius
896 833 956 898 otii
973 835 1007 896 et
1026 832 1205 897 communis
1225 831 1340 896 salutis

162 924 304 990 inimici·
344 924 432 990 hunc
458 923 508 988 vir
535 922 732 988 clarissimus
764 921 907 1006 mihique
938 921 1050 986 multis
1082 919 1341 1004 repugnantibus

163 1014 387 1096 amicissimus,
406 1009 463 1076 On.
482 1010 665 1094 Pompeius,
678 1010 773 1080 omni
788 1010 946 1094 cautione,
964 1008 1102 1093 foedere,
1121 1008 1342 1073 exsecratione

163 1103 353 1167 devinxerat
374 1099 457 1164 nihil
483 1099 519 1163 in
541 1099 711 1164 tribunatu
740 1102 852 1164 contre
874 1119 927 1162 me
956 1118 1025 1163 esse
1051 1096 1227 1162 facturum:
1256 1096 1343 1181 quod

162 1191 217 1255 ille
245 1189 405 1272 nefarius,
436 1210 476 1252 ex
510 1185 656 1254 omnium
684 1185 841 1252 rcelerdm
869 1186 1062 1252 conluvione
1089 1190 1199 1268 natus,
1226 1207 1342 1268 parum
1357 1201 1392 1241 κ)

164 1299 198 1343 11
221 1277 334 1343 foedus
352 1276 549 1342 violaturum
568 1275 743 1341 arbitratus
767 1278 825 1359 est,
847 1275 913 1340 nisi
935 1275 1042 1358 ipsum
1061 1276 1226 1339 cautorem
1244 1273 1343 1338 alieni

111 1383 144 1431 16
163 1366 297 1450 periculi
317 1364 384 1430 suis
407 1364 547 1448 propriis
570 1364 721 1448 periculis
742 1362 922 1428 terruisset.
958 1362 1052 1428 hanc
1070 1366 1208 1427 taetram
1231 1362 1343 1426 imma-

162 1475 302 1539 nemque
324 1453 468 1537 beluem,
495 1453 637 1518 vinctam
665 1451 832 1535 auspiciis,
862 1451 1040 1536 adligatam
1062 1471 1152 1517 more
1175 1449 1343 1532 maiorum,

163 1543 372 1607 constrictam
389 1543 499 1626 legum
518 1544 717 1606 sacratarum
736 1539 869 1624 catenis,
888 1539 986 1605 solvit
1005 1538 1111 1604 subite
1130 1539 1203 1623 lege
1217 1539 1344 1603 curiata

164 1631 286 1714 consul,
308 1630 369 1713 vel,
392 1632 430 1693 ut
448 1649 508 1714 ego
529 1629 677 1713 arbitror,
696 1632 856 1706 exoratus,
874 1627 936 1712 vel,
958 1631 996 1692 ut
1013 1648 1176 1692 nonnemo
1195 1627 1341 1709 putebat,
1357 1643 1390 1697 1⁵.

163 1718 243 1783 mihi
265 1719 378 1801 iratus,
400 1717 535 1802 ignarus
559 1717 689 1802 quidem
712 1720 797 1782 certe
822 1720 855 1781 et
877 1715 1064 1800 imprudens
1087 1715 1342 1799 impendentium

162 1809 331 1880 tentorum
345 1807 503 1871 scelerum
518 1809 551 1871 et
563 1807 733 1871 malorum.
761 1805 817 1890 qui
832 1805 983 1870 tribunus
997 1804 1102 1888 plebis
1115 1803 1194 1868 felix
1207 1804 1242 1868 in
1256 1823 1342 1868 ever·

163 1895 262 1959 tenda
284 1917 319 1959 re
337 1894 468 1977 publiea
491 1894 556 1958 fuit
572 1893 672 1958 nullis
688 1893 754 1958 suis
770 1893 879 1957 nervis
897 1929 936 1938 -
953 1893 1009 1977 qui
1023 1892 1108 1956 enim
1122 1892 1157 1956 in
1170 1893 1240 1957 eius
1254 1890 1343 1956 modi

162 2173 346 2242 ucusrapium
376 2170 540 2228 bezeichnet
575 2170 648 2226 auch
680 2171 726 2226 die
779 2176 876 2239 tuem,
898 2171 1041 2240 inBeaug
1060 2170 1112 2226 auf
1123 2170 1224 2226 coeth
1242 2171 1270 2226 Z.
1290 2170 1341 2242 81

164 2243 311 2298 Trummer
328 2259 383 2298 von
401 2241 494 2298 einem
513 2241 697 2298 Schiffhruch.
719 2241 723 2313 l
777 2259 873 2312 propr.
888 2259 959 2312 per,
977 2247 1019 2300 69.
1041 2240 1045 2314 Ι

162 2314 346 2384 fauctor,
359 2329 441 2378 aas„
455 2313 517 2367 0110
530 2311 646 2382 sumu,
659 2329 726 2368 vom
814 2314 935 2369 ormam
971 2313 1118 2381 carpsere,
1153 2311 1219 2367 wer
1253 2312 1343 2366 emes
1363 2313 1400 2361 re
1496 2287 1497 2372 l

166 2385 389 2439 Aeusserenzum
396 2382 723 2455 Innerenaufsteigend.1
780 2383 876 2439 solche
893 2383 1135 2453 unrechtmttssige
1153 2382 1343 2452 Adoptionen,

162 2455 288 2521 funestus
308 2496 336 2510 ..
355 2454 527 2523 impendebat
544 2454 586 2508 rei
599 2471 641 2522 μ,
657 2451 744 2508 Ver-¹
779 2454 833 2510 wie
866 2453 912 2508 die
944 2454 992 2510 des
1024 2453 1137 2508 Clodius
1169 2454 1257 2508 durch
1288 2453 1343 2508 den
1398 2459 1400 2462 '

164 2524 232 2580 such
249 2525 295 2579 fiir
312 2524 362 2578 das
378 2525 434 2579 hsr.
447 2524 541 2579 fuerat
555 2566 561 2579 .
577 2565 583 2578 .
597 2523 670 2579 inre
684 2541 726 2593 μς
779 2525 913 2594 Fontejus
936 2541 1007 2591 war,
1029 2523 1119 2579 leicht
1141 2523 1187 2578 die
1205 2524 1275 2578 Zahl
1293 2524 1344 2579 der

162 2595 254 2650 furere
273 2611 322 2650 coe
344 2596 405 2650 erat
422 2594 501 2666 (eder
522 2611 581 2650 was
603 2594 727 2664 weniger
780 2594 917 2651 Patricier
947 2594 1105 2649 abnehmen
1131 2595 1190 2649 und
1217 2595 1344 2649 dadurch

162 2665 303 2749 abweicht
321 2613 443 2736 furebat)
466 2665 559 2748 durfte
581 2663 661 2720 nicht
678 2681 725 2747 ge·
780 2665 825 2720 die
842 2665 964 2735 richtige
977 2663 1164 2788 Verwaltunq
1178 2664 1343 2734 (111111ρί-

162 2737 307 2792 schneben
316 2737 437 2806 werden,
449 2736 515 2791 weil
528 2735 574 2792 dre
583 2736 726 2806 Adoptron
780 2736 842 2792 cien
854 2736 1003 2807 gefahrdet
1018 2735 1131 2791 werden
1165 2735 1256 2790 onute.
1269 2734 1273 2806 l
1286 2736 1341 2792 adl.

163 2807 212 2862 des
235 2807 348 2863 Clodius
375 2806 454 2862 nieht
476 2813 511 2863 58
533 2811 605 2877 (seq).
630 2811 726 2875 amco),
779 2823 852 2862 more
868 2809 1019 2874 moinum,
1038 2806 1105 2862 weil
1122 2807 1169 2863 ein
1186 2805 1345 2862 Uebertritt

163 2877 281 2934 sondern
304 2883 338 2932 59
361 2877 508 2932 stettfcnd.
545 2877 643 2948 Gegen
660 2879 725 2933 sub·
780 2894 830 2934 aus
844 2879 908 2934 dem
922 2878 1070 2934 Patricier-
1087 2877 1118 2932 in
1132 2878 1187 2932 den
1200 2877 1344 2932 Plebe'er·

163 2950 224 3002 erat
249 2947 299 3002 ille
329 2965 418 3002 annus
450 2947 557 3017 sprieht
574 2949 613 3002 sto
639 2964 670 3002 re
690 2965 723 3016 p.
779 2949 861 3004 stand
886 2950 1045 3018 uberhaupt
1069 2949 1150 3002 nieht
1176 2948 1263 3002 breue
1295 2946 1342 3000 ich

163 3018 314 3075 Viellsieht
341 3017 459 3092 schrieb¹
481 3016 591 3073 Cicero:
623 3018 725 3074 ruebat
777 3036 843 3078 war.
860 3023 865 3090 1
881 3020 934 3076 Die
948 3021 1017 3089 uoce
1031 3023 1164 3084 sacratae,
1182 3017 1229 3072 bei
1242 3017 1344 3071 Festus

162 3089 211 3144 ille
226 3106 315 3144 annus
328 3089 386 3145 iam
398 3089 429 3144 in
442 3105 502 3144 rem
514 3107 552 3159 p.,
570 3088 725 3160 gleichsam
778 3091 886 3145 erkltrt
908 3091 951 3144 als
974 3089 1065 3159 leges,
1088 3088 1190 3157 quibus
1213 3089 1342 3142 sanctum

162 3159 419 3227 wieeinehawine,
433 3160 725 3230 verderbendrohend,
778 3163 834 3230 est,
858 3160 994 3229 quiquid
1014 3159 1145 3214 adversus
1168 3175 1215 3214 eas
1232 3157 1342 3226 fecerit,

162 3231 263 3285 wtlzte
277 3247 306 3285 es
319 3231 380 3284 sich
393 3231 487 3286 heran.
505 3231 509 3298 Ι
525 3231 642 3298 quidem,
659 3230 725 3285 frei-
779 3247 856 3286 sacer
878 3229 964 3285 alicui
986 3230 1103 3284 deorum
1126 3229 1174 3298 sit,
1196 3229 1341 3298 verboten,

161 3300 219 3356 lich
242 3300 283 3369 (Z.
308 3303 365 3370 16);
393 3301 429 3355 de
456 3317 496 3355 or.
523 3306 552 3368 1,
581 3306 633 3355 114
654 3302 726 3356 haec
779 3302 913 3357 dassvon
926 3301 1017 3356 einem
1026 3299 1163 3355 Patricier
1177 3299 1227 3356 das
1239 3300 1340 3356 Volks·

162 3371 277 3427 accendi
295 3373 356 3426 erte
371 3372 497 3441 possunt,
514 3370 598 3426 inseri
611 3371 726 3440 quidem
778 3372 906 3427 tribunat
918 3372 1065 3427 verwultet
1077 3372 1181 3428 wilrde.
1212 3370 1339 3442 6117111

163 3442 199 3497 ab
214 3445 274 3498 arte
288 3442 726 3511 111ροε11111ί1111.αομν-
778 3444 872 3498 solvit:
890 3442 975 3498 Cesar
989 3442 1141 3497 extrahirte
1160 3443 1202 3497 als
1215 3441 1342 3514 pontifex
1452 3447 1455 3456 '

162 3513 217 3568 diti
221 3513 375 3586 ,lderselbe
394 3511 508 3568 Clodius
525 3512 615 3568 heisst
627 3512 724 3568 Milon.
778 3513 916 3568 maximus
932 3513 988 3568 den
1000 3513 1147 3568 Beschluss
1162 3515 1212 3568 der
1226 3511 1341 3568 comitia

163 3589 198 3639 88
214 3583 341 3653 perditus
355 3600 389 3639 ae
399 3583 527 3640 fumosus
540 3582 545 3654 1
556 3584 725 3649 dederont,
778 3583 895 3652 curiata,
910 3584 1003 3640 derzu
1016 3584 1093 3639 einer
1101 3581 1246 3653 Adoption
1256 3584 1340 3638 noth·

161 3672 196 3708 zu
223 3654 286 3708 dem
309 3654 503 3723 Versprechen
527 3653 724 3723 verpflichteu3
778 3655 1340 3736 1111113111.[111..1ωοτα111,111..

162 3725 261 3780 darum
283 3724 332 3779 inf.
355 3725 420 3791 fut..
442 3725 542 3781 dessen
559 3724 676 3795 subject
696 3740 725 3780 se
777 3726 882 3793 iratus,
904 3726 1001 3782 beides
1023 3726 1101 3782 kann
1122 3723 1195 3780 euch
1213 3723 1341 3793 augleich

149 3795 209 3851 .bei
222 3795 272 3851 der
281 3795 416 3866 Hbufung
426 3797 476 3852 der
484 3796 653 3852 Accusative
665 3795 724 3850 und
778 3795 828 3851 der
839 3797 903 3852 rull
921 3797 994 3864 sein3
1012 3798 1049 3851 de
1065 3811 1144 3864 prov.
1162 3801 1197 3848 42
1216 3793 1342 3848 traduxit

161 3866 209 3922 bei
235 3883 530 3937 vorausgegengenem
556 3869 630 3923 tuere
655 3866 723 3922 fort
777 3867 814 3922 ad
841 3868 955 3936 plebem
983 3867 1128 3922 inimicum
1159 3881 1254 3920 meum
1281 3865 1340 3920 sive

162 3937 366 4008 gabliebenist.
384 3939 411 3992 Z.
419 3938 723 4010 §.tuthtlccsarioa
776 3937 864 3993 iratus
891 3937 992 3992 mihi.
1016 3980 1022 3993 .
1046 3978 1054 3993 .
1079 3937 1139 3990 sive
1165 3937 1303 3991 exoratus.
1334 3935 1339 4008 Ι

162 4008 381 4065 substantivisch
407 4008 460 4064 wie
487 4007 638 4064 sceleratus
664 4009 723 4063 und
776 4009 884 4078 quidem
902 4014 980 4074 certe,
999 4013 1047 4077 24,
1072 4007 1151 4062 ‘aber
1165 4006 1340 4077 jedenfalls',

161 4078 294 4135 Anderae.
312 4083 316 4148 Ι
332 4097 366 4135 er
383 4081 504 4135 omnium
520 4108 556 4120 -
573 4086 670 4146 natue,
692 4078 723 4133 in
776 4079 831 4133 mit
843 4079 924 4134 mehr
934 4079 1004 4134 oder
1015 4076 1124 4132 minder
1138 4079 1217 4133 stark
1227 4079 1340 4133 herror-

161 4149 218 4204 Pis.
237 4157 279 4204 21.
297 4154 425 4219 lperum,
442 4168 470 4220 p.
488 4149 589 4205 Roscio
606 4151 667 4204 Am.
687 4155 722 4204 48
776 4150 918 4205 tretender
935 4148 1266 4218 Adversativbedeutung
1290 4149 1340 4203 des

161 4221 195 4274 ut
221 4237 321 4302 parum
348 4219 477 4276 miseriae
500 4219 539 4275 sit
560 4221 636 4287 quod
659 4219 722 4275 aliis
776 4221 899 4290 quidem,
911 4221 1142 4291 htufiggepaert.
1160 4223 1164 4286 Ι
1179 4220 1340 4286 imprudens

162 4290 261 4361 coluit,
288 4307 345 4346 non
368 4291 433 4359 sibi,
461 4291 515 4346 nisi
537 4291 625 4346 etiam
647 4291 723 4360 quod
777 4291 1047 4362 =nonprovidena
1064 4293 1069 4359 l
1084 4293 1143 4346 eius
1156 4290 1238 4356 credi,
1251 4290 1340 4344 nther

162 4362 275 4417 omnino
290 4361 387 4430 coluit,-
403 4361 513 4418 crimini
525 4361 618 4418 fuerit.
635 4365 639 4432 1
656 4379 723 4418 ecc·
776 4363 923 4418 bestimmt
944 4363 1033 4418 durch
1055 4360 1189 4431 hominis,
1213 4360 1338 4416 weshelb
