3026 4876
501 1219 558 1301 u.
583 1219 778 1302 runnu
793 1218 1096 1340 ¹orouaorvrs

415 1445 418 1448 .
450 1377 559 1450 PRO
595 1379 634 1454 P.
672 1377 879 1452 SESTIO
917 1380 1147 1454 ORATIO.

176 1695 193 1750 Ῑ
303 1708 338 1775 Si
365 1709 436 1794 quis
465 1713 576 1795 antea,
608 1711 744 1802 iudices,
776 1712 956 1777 mirabatur
989 1713 1065 1797 quid
1098 1717 1184 1778 esset
1216 1713 1302 1799 quod
1329 1738 1391 1800 pro

178 1805 191 1851 1
212 1797 313 1864 tantis
337 1799 453 1883 opibus
467 1798 514 1863 rei
527 1800 676 1884 publicae
690 1803 846 1885 tantaque
869 1801 1029 1885 dignitate
1042 1801 1170 1886 imperii
1184 1825 1390 1888 nequaquam

212 1887 292 1953 satis
306 1888 402 1952 multi
416 1888 500 1952 cives
515 1887 594 1953 forti
608 1891 641 1952 et
654 1909 775 1972 magno
792 1889 901 1954 animo
915 1890 1145 1974 invenirentur,
1164 1891 1219 1974 qui
1234 1891 1391 1955 auderent

211 1997 246 2041 se
270 1978 303 2040 et
325 1976 464 2040 salutem
487 1997 580 2040 suam
602 1976 637 2038 in
661 1976 835 2040 discrimen
858 1977 971 2040 offerre
994 1999 1054 2060 pro
1079 1980 1167 2041 statu
1190 1978 1333 2058 civitatis
1357 1984 1391 2044 et
1436 2027 1439 2032 -

210 2086 270 2149 pro
294 2062 459 2128 communi
480 2063 644 2148 libertate,
672 2063 699 2128 is
728 2077 778 2128 er¹
792 2063 855 2128 hoc
882 2068 1027 2147 tempore
1050 2065 1185 2130 miretur
1208 2066 1330 2149 potius,
1361 2067 1418 2140 sis

211 2174 309 2237 quem
324 2153 447 2217 bonum
461 2154 494 2215 et
506 2151 624 2217 fortem
639 2153 741 2217 civem
754 2151 879 2235 viderit,
902 2173 999 2235 quem
1014 2151 1042 2216 si
1059 2174 1154 2237 quem
1169 2157 1226 2218 aut
1238 2155 1390 2220 timidum

212 2245 270 2306 aut
284 2241 469 2324 sibipotius
484 2262 582 2325 quam
596 2239 808 2324 reipublicae
822 2241 1052 2305 consulentem.
1084 2261 1163 2306 nam
1176 2246 1215 2308 ut
1229 2243 1389 2309 omittatis
1502 2239 1503 2278 ³

211 2330 250 2394 de
273 2329 369 2399 unius
393 2328 545 2413 cuiusque
572 2350 649 2393 casu
678 2328 852 2414 cogitando
881 2328 1057 2414 recordari,
1084 2352 1150 2396 uno
1179 2335 1313 2414 aspectu
1340 2332 1389 2396 in·
1502 2359 1503 2372 ¹

210 2419 295 2482 tueri
322 2415 459 2502 potestis
487 2437 556 2500 eos,
584 2415 641 2501 qui
667 2438 741 2481 cum
771 2419 900 2502 senatu,
927 2438 1001 2481 cum
1028 2418 1123 2484 bonis
1148 2420 1297 2484 omnibus
1321 2441 1389 2484 rem

210 2505 374 2590 publicem
397 2503 559 2569 adflictam
574 2505 745 2569 excitarint
767 2508 800 2569 et
823 2505 994 2570 latrocinio
1013 2505 1190 2572 domestico
1209 2507 1387 2592 liberarint,
1403 2541 1432 2582 10

211 2597 367 2677 maestos,
395 2593 594 2676 sordidatos,
619 2615 692 2659 reos
714 2594 754 2657 de
778 2593 895 2678 capite,
923 2593 962 2658 de
984 2592 1086 2678 fama,
1114 2593 1320 2679 decivitate,
1351 2596 1389 2660 de

210 2683 356 2766 fortunis,
380 2681 418 2746 de
440 2682 551 2746 liberis
574 2681 775 2766 dimicantis;
799 2703 854 2747 eos
878 2686 997 2766 autem,
1019 2682 1076 2766 qui
1091 2683 1202 2748 omnia
1224 2684 1334 2749 divina
1357 2687 1391 2748 et

209 2772 353 2837 humana
372 2771 534 2854 violarint,
557 2771 712 2855 vexarint,
734 2771 964 2856 perturbarint,
988 2771 1171 2856 everterint,
1193 2793 1262 2837 non
1285 2773 1390 2838 solum

176 3023 191 3070 1
247 2998 344 3067 opibus
375 3025 408 3037 -
440 2997 564 3068 imperii:
602 3001 651 3050 101
682 2999 772 3051 odera
824 2998 978 3066 libertatis,
1005 2997 1084 3052 Verr.
1108 3001 1137 3064 5,
1163 3003 1227 3064 1693
1252 3003 1311 3052 170.
1333 2999 1337 3065 Ι
1358 3014 1392 3052 ce

211 3069 346 3138 exemplo,
373 3083 489 3138 qaorum
515 3071 554 3122 est
578 3067 659 3136 copia
685 3068 772 3137 dique
824 3070 875 3123 hoo
896 3074 1025 3136 tempore,
1050 3073 1093 3120 79.
1116 3067 1152 3121 de
1174 3067 1221 3122 off.
1240 3073 1270 3135 2,
1297 3071 1339 3122 80.
1363 3086 1391 3138 p.

209 3142 293 3196 buius
319 3140 430 3208 imperii
455 3139 553 3208 ulcr-ia.
602 3137 696 3192 Wann
727 3137 773 3190 ein
826 3137 906 3192 Sulla
925 3144 965 3193 65.
987 3138 1113 3219 [bonum
1134 3143 1160 3192 et
1181 3139 1278 3205 fortem
1300 3139 1392 3205 civem,

209 3211 291 3266 hand
312 3209 439 3278 machtig
461 3209 519 3261 und
546 3208 705 3278 engesehen
726 3205 772 3276 ist,
827 3207 1209 3277 (87)entepr1chtchiestisoh
1219 3209 1274 3264 den
1283 3209 1391 3279 folgen-

210 3297 242 3335 so
260 3281 330 3335 least
348 3279 407 3333 sich
425 3281 634 3346 voraussetzen,
658 3279 723 3332 dass
743 3293 772 3332 es
827 3279 882 3332 den
912 3277 1053 3334 Gliedern.
1078 3281 1082 3348 Ι
1107 3284 1139 3332 ut
1169 3281 1314 3346 omittatis,
1347 3279 1393 3334 ihr

210 3351 271 3406 dies
294 3350 382 3405 durch
405 3349 451 3403 die
474 3347 658 3420 Tfichtigheit
683 3348 774 3403 seiner
826 3348 898 3404 habt
912 3365 941 3404 es
955 3349 1099 3420 garnicht
1112 3350 1221 3421 nbthig.
1245 3352 1392 3422 ooye’taado

210 3422 365 3478 Bevvohner
383 3419 533 3491 geworden
554 3419 605 3486 ist,
627 3419 686 3474 und
709 3419 774 3473 dass
827 3418 974 3475 bestimmt
991 3419 1099 3474 dieArt
1118 3421 1166 3476 dee
1185 3423 1342 3487 recordor&
1359 3423 1392 3476 de

208 3493 238 3564 je
252 3493 332 3556 mehr
342 3492 408 3562 jene
422 3489 639 3562 Eigenscheften
656 3489 702 3544 bei
714 3489 775 3543 ihm
827 3508 855 3544 a.
875 3507 898 3545 c.
916 3507 938 3546 c.
957 3490 995 3546 iet
1012 3507 1069 3547 von
1086 3507 1138 3548 reo.
1161 3491 1318 3561 abhangig3
1342 3491 1393 3546 der

210 3564 418 3631 hervortreten‚
445 3579 494 3616 um
517 3563 548 3618 s'e
570 3561 651 3616 mehr
677 3576 775 3631 ausge-
828 3566 1073 3618 eec.11.17.55.
1095 3565 1098 3630 Ι
1119 3579 1181 3616 cum
1197 3567 1308 3628 senata,
1332 3578 1392 3617 cam
1502 3561 1503 3630 j

212 3634 355 3690 zeichnete
371 3634 479 3704 Burger
491 3631 654 3688 vorhenden
668 3629 772 3702 seienl
829 3632 907 3686 bouis
934 3633 1072 3698 omibus,
1099 3633 1194 3702 haufig
1220 3632 1391 3700 verbunden,

210 3707 280 3773 sorti
308 3710 333 3760 et
361 3722 396 3760 m.
429 3703 535 3769 aalma,
566 3707 601 3757 45
637 3717 775 3756 nonnemo
828 3702 945 3758 letatere
958 3703 1156 3773 Bezeichnung
1174 3702 1309 3757 etehende
1325 3703 1392 3758 For·
1502 3709 1503 3724 ³

211 3776 256 3832 vir
268 3775 346 3831 fortis
364 3777 394 3830 et
407 3774 478 3829 acris
492 3773 583 3836 animi
592 3771 772 3843 magniquel
828 3773 887 3828 mel
920 3773 967 3828 fiir
1002 3773 1047 3828 die
1085 3772 1347 3843 Optimatenpartci.
1386 3773 1390 3845 l

211 3864 239 3902 ee
254 3852 279 3902 et
292 3848 508 3910 caletensem,
527 3843 569 3899 48'
585 3861 614 3898 ec
633 3860 667 3898 ec
685 3843 772 3898 vitam
829 3844 974 3900 lahocioio
992 3845 1146 3910 domaticm
1164 3861 1220 3899 von
1238 3845 1303 3899 dem
1320 3845 1392 3899 Ben-

211 3935 305 4044 utu
318 3915 535 4042 „attha
550 3913 776 4068 lustra
828 3914 1000 4054 lilttlltt
1015 3913 1319 4056 tmrtthlhtm
1333 3921 1392 4042 {til

211 4061 321 4128 offerre,
354 4066 385 4114 61
420 4056 525 4112 obtulit
559 4074 591 4110 m
627 4054 776 4110 discrimen
829 4056 952 4122 dictatos,
983 4057 1015 4111 P.
1042 4057 1192 4128 Lentulus,
1220 4064 1279 4113 144.
1305 4061 1310 4126 ι
1333 4073 1392 4112 reos

210 4131 300 4184 vitam
319 4147 407 4197 suem,
433 4128 561 4198 dagegen
578 4127 608 4180 in
626 4125 776 4180 discrimen
830 4127 997 4192 dimicantis,
1015 4145 1050 4182 au
1062 4129 1225 4197 verbinden,
1243 4129 1304 4183 also
1319 4128 1391 4182 ohne

211 4201 327 4268 inferre,
356 4219 384 4269 p.
407 4199 496 4254 Balbo
519 4203 563 4252 25.
589 4199 593 4264 Ι
615 4211 669 4266 pro
691 4201 775 4266 mota,
829 4196 950 4252 Komme
975 4198 1049 4253 nach
1076 4216 1152 4268 reos;
1179 4198 1304 4270 gemeint
1328 4197 1392 4254 sind

211 4271 257 4325 fiir
279 4271 334 4325 den
356 4270 483 4326 eicheren
504 4267 640 4336 Bestand‚
663 4267 709 4322 die
733 4267 775 4322 Si·
829 4268 1108 4330 MiloundSeetius.
1129 4275 1133 4338 Ι
1154 4271 1306 4338 decapite,
1331 4267 1392 4324 ihre

212 4341 346 4398 oherheit
374 4348 416 4398 46.
438 4343 515 4414 {pro
538 4339 675 4396 communi
695 4339 774 4393 leber·
829 4339 969 4408 Exietena
986 4340 1153 4410 specialisirt
1166 4340 1254 4395 durch
1267 4342 1300 4395 de
1315 4341 1393 4407 famo

212 4419 280 4482 tate,
308 4415 386 4468 sonet
413 4413 484 4468 euch
510 4427 594 4467 cause
621 4409 775 4465 eommunis
830 4441 862 4449 —
883 4411 916 4465 de
933 4412 1038 4481 liberis,
1061 4411 1099 4467 ad
1117 4411 1149 4476 Q.
1168 4411 1200 4465 fr.
1221 4417 1250 4481 1,
1271 4417 1300 4479 1,
1322 4411 1389 4482 13.)
