3026 4876
218 281 260 344 70
509 321 512 326 ,
612 281 648 336 M.
668 279 792 335 TULLII
811 279 1003 336 CICERONIS

216 445 315 526 enim,
342 443 475 525 iudices,
502 447 610 536 uester
631 443 694 508 iste
722 444 757 507 in
779 464 831 506 me
855 443 1037 508 animorum
1064 443 1293 542 oculorumque
1316 461 1393 541 con·
1491 475 1492 524 ;

215 535 325 616 iectus,
348 537 385 597 ut
407 532 487 596 miln‘
510 533 575 596 iam
598 533 693 597 licere
715 536 827 615 putem
845 531 1029 596 remissiore
1043 531 1091 595 uti
1115 551 1232 615 genere
1255 529 1392 593 dicenda

215 623 420 704 comitiorum
453 624 486 686 et
519 621 707 686 contionum
745 620 997 704 significationes
1016 623 1112 684 ‘sunt
1146 639 1393 704 nonnumquam

214 711 347 776 vitiatae
379 715 477 795 atque
510 714 693 794 corruptae,
730 709 907 773 theatrales
939 709 1188 794 gladiatoriique
1218 727 1391 772 consessus

215 800 365 864 dicuntsr
395 798 526 864 omnino
556 799 658 862 solere
686 799 817 862 levitate
845 799 1075 862 nonnullorum
1103 799 1230 880 emptos
1256 796 1419 880 plaususs

214 889 306 954 exilis
330 892 363 953 et
384 909 475 952 raros
496 887 650 952 excitare:
675 909 713 950 ac
735 891 844 951 tamen
867 886 962 950 facile
985 895 1048 970 est,
1071 907 1144 950 cum
1165 885 1199 949 id
1221 885 1271 968 fit,
1293 905 1391 969 quem

215 977 256 1041 ad
279 977 410 1042 modum
434 980 469 1040 et
492 998 511 1039 a
539 975 655 1060 quibus
683 977 741 1040 fiat
769 980 803 1040 et
830 975 907 1060 quid
935 976 1063 1060 integra
1090 973 1264 1039 multitudo
1289 974 1392 1038 faciat

214 1066 333 1130 videre.
368 1064 446 1150 quid
461 1085 521 1150 ego
544 1082 630 1128 nunc
653 1064 757 1129 dicam
781 1064 898 1148 quibus
912 1065 989 1129 viris
1012 1068 1069 1129 aut
1083 1064 1134 1128 cui
1148 1063 1257 1148 generi
1271 1063 1391 1127 civium

213 1155 351 1218 maxime
374 1153 567 1237 plaudatum?
589 1153 753 1217 neminem
766 1156 910 1218 vestrum
931 1153 1025 1217 fallit.
1063 1153 1106 1217 sit
1127 1151 1189 1216 hoc
1207 1173 1285 1216 sane
1308 1151 1391 1234 leve,

213 1243 300 1328 quod
326 1243 463 1308 nonita
489 1245 553 1326 est,
580 1242 733 1326 quoniam
754 1242 879 1326 optimo
901 1243 1015 1325 cuique
1038 1241 1234 1325 impertitur,
1263 1241 1333 1323 sed,
1363 1241 1391 1305 si
1406 1263 1432 1302 10

213 1337 263 1396 est
290 1332 375 1415 leve,
406 1331 532 1396 homini
560 1332 651 1416 gravi
678 1332 747 1395 leve
777 1335 841 1413 est,
874 1332 904 1395 ei
935 1351 1025 1415 vero,
1059 1331 1113 1416 qui
1145 1330 1264 1414 pendet
1291 1329 1389 1394 rebus

211 1421 398 1504 levissimis,
430 1420 501 1504 qui..
515 1440 643 1483 rumore
677 1423 722 1502 et,
753 1423 791 1483 ut
821 1420 884 1502 ipsi
913 1419 1104 1503 loquuntur,
1134 1419 1244 1483 favore
1275 1419 1389 1502 populi

212 1513 340 1574 tenetur
365 1513 401 1572 et
428 1509 567 1591 ducitur,
595 1509 744 1592 plausum
772 1508 1065 1586 immortalitatem,
1093 1503 1221 1573 sibilum
1249 1512 1387 1572 mortem

162 1598 313 1664 llevideri
339 1619 469 1662 necesse
497 1600 554 1661 eet.
601 1617 639 1661 ex
665 1601 699 1661 te
726 1597 839 1682 igitur,
868 1595 999 1681 Soeure,
1026 1597 1231 1680 potissimum
1257 1617 1387 1679 quaero,
1494 1620 1495 1630 ¹

213 1687 268 1773 qui
291 1686 384 1751 ludos
413 1686 679 1770 apparatissimos
708 1687 1109 1771 magnificentissimosque
1132 1685 1251 1768 fecisti,
1278 1686 1387 1770 ecquis
1403 1706 1428 1745 15

212 1776 349 1840 istorum
376 1775 581 1860 popularium
613 1779 687 1840 tuos
719 1775 813 1877 ludos
847 1775 1020 1859 aspexerit,
1053 1775 1162 1860 ecquis
1192 1796 1240 1875 se.
1258 1773 1387 1839 theatro

211 1864 574 2037 {ttttttttltt
590 1868 900 2036 ttffltttltzff
919 1863 1388 2036 lhtttttlltthttt

211 2042 311 2124 novit,
334 2042 389 2126 qui
411 2042 446 2105 in
470 2045 596 2106 coetum
615 2041 787 2105 mulierum
804 2063 865 2124 pro
883 2042 1020 2125 psaltria
1038 2041 1214 2124 adducitur,
1236 2061 1295 2104 nec
1312 2044 1386 2104 tuos

210 2130 304 2195 ludos
328 2130 455 2214 aspexit
476 2131 511 2193 in
533 2130 590 2193 illo
614 2130 741 2194 ardenti
763 2130 932 2194 tribunatu
952 2151 1010 2194 suo
1032 2151 1092 2194 nec
1112 2128 1196 2194 ullos
1220 2129 1302 2193 alios
1323 2129 1388 2193 nisi
1402 2151 1428 2190 ao

211 2241 277 2304 eos,
300 2243 320 2284 a
342 2219 459 2303 quibus
481 2219 535 2283 vix
557 2219 649 2283 vivus
674 2219 794 2303 effugit.
832 2220 942 2302 semel,
963 2220 1106 2302 inquam,
1129 2241 1163 2283 se
1186 2218 1271 2282 ludis
1290 2217 1387 2302 homo

130 2303 142 2318 ⁸
210 2308 375 2392 popularis
390 2307 552 2373 commisit
564 2307 707 2392 omnine,
721 2330 794 2372 cum
807 2307 842 2370 in
856 2309 977 2392 templo
987 2307 1127 2372 Virtutis
1140 2308 1245 2372 honos
1255 2307 1387 2372 habitus

211 2399 297 2460 esset
320 2397 443 2478 virtuti,
465 2395 591 2480 Gaique
614 2395 720 2478 Marii,
743 2397 978 2461 conservatoris
1001 2396 1097 2461 huius
1116 2395 1252 2480 imperii,
1274 2418 1387 2461 monu-

639 2507 643 2518 -
742 2495 762 2534 a

159 2677 209 2726 115
247 2659 382 2714 coniectas
405 2659 455 2715 aul
471 2661 626 2714 murmuri
649 2661 772 2730 bezogen
826 2659 919 2727 bitali,
928 2658 1223 2728 scriptuadecumaa
1231 2660 1386 2730 portorium

209 2728 248 2784 ist
280 2749 331 2785 nur
362 2730 450 2785 durch
482 2731 543 2786 eine
571 2732 624 2786 Art
651 2731 773 2801 Zeugma
826 2731 939 2796 mord!
1252 2791 1254 2798 ,

210 2820 243 2855 au
271 2802 495 2873 entechuldigen,
532 2803 569 2856 da
600 2820 666 2857 man
698 2801 773 2856 wohl
863 2801 975 2869 Scauro,
994 2803 1043 2856 der
1062 2807 1095 2858 58
1110 2802 1242 2857 withrend
1261 2804 1310 2858 des
1324 2803 1384 2858 Tri-

211 2873 305 2927 oeulos
331 2873 456 2927 conicere
480 2873 525 2942 (de
549 2891 587 2928 or.
612 2880 641 2942 2,
660 2877 720 2927 225.
744 2891 772 2942 p.
827 2873 929 2928 bansta
946 2875 996 2929 des
1015 2873 1127 2928 Clodius
1146 2873 1229 2928 Aedil
1253 2890 1311 2928 war
1328 2875 1437 2928 und116

209 2943 303 2998 Plano.
328 2947 373 3012 21)
396 2947 471 3012 sagt,
495 2944 562 2998 aber
584 2943 692 2999 animos
715 2945 773 2999 adi-
827 2944 887 2999 sich
901 2945 988 3000 durch
1006 2945 1052 2998 die
1065 2944 1170 2998 Pracht
1187 2945 1276 2999 seiher
1292 2944 1385 3014 Spielc

210 3031 279 3070 cere.
306 3017 310 3081 1
340 3017 490 3069 remissiore
524 3016 634 3070 dicendi
666 3031 773 3085 praere,
827 3016 997 3070 hervorthat.
1027 3019 1031 3082 l
1061 3017 1155 3070 ladius
1195 3016 1257 3070 hier
1297 3016 1383 3086 allge-

211 3093 275 3152 1193
302 3105 330 3156 p.
357 3086 461 3140 Archia
488 3092 503 3140 3
533 3103 633 3156 genere
661 3087 772 3142 dicendi
825 3085 902 3141 mein
916 3086 959 3141 ein
975 3086 1096 3150 therach,
1111 3087 1386 3155 derimSchauspiel

210 3159 285 3226 quod
308 3157 447 3212 nonmodo
466 3173 484 3210 a
506 3157 707 3212 consuetudine
729 3157 769 3211 iu·
826 3173 898 3226 gana
921 3157 1050 3227 aufgeht3
1077 3157 1160 3212 dabei
1186 3161 1306 3212 maxime
1333 3157 1385 3212 wie

208 3228 345 3283 diciorum
377 3245 476 3282 verum
507 3226 593 3283 etiam
622 3246 640 3282 a
668 3228 772 3283 forensi
823 3229 906 3298 plane
929 3229 983 3295 vir,
1006 3245 1070 3282 vere
1093 3229 1161 3282 deus
1181 3231 1251 3296 (130.
1270 3229 1384 3284 Haaclre

210 3297 771 3368 sermonerabhorreat.ldicimiwromaiac
823 3299 855 3355 L.
880 3298 941 3354 Stil.
965 3305 980 3364 ἓ
1006 3302 1085 3367 los).
1127 3300 1157 3354 E.
1187 3302 1217 3354 F.
1241 3301 1384 3355 Eberhard

209 3401 242 3408 —
267 3387 300 3424 ac
324 3374 427 3423 larun:
452 3368 574 3423 beiden
598 3369 711 3438 Spielen
734 3370 772 3424 ist
823 3370 920 3424 wollte
929 3370 1061 3437 ludicras,
1074 3369 1154 3426 Koch
1168 3371 1242 3426 ludis
1250 3371 1383 3443 deditus!

209 3440 258 3493 der
272 3439 586 3510 Gesinnuugsausdruck
602 3440 651 3495 des
665 3441 771 3495 Volkes
824 3457 965 3507 acroama,
992 3446 1104 3496 uoueret
1132 3441 1277 3498 ‘Virtuoa’
1304 3445 1308 3500 Ι
1333 3459 1384 3496 era-

208 3509 262 3565 mit
279 3512 413 3582 peringen
427 3511 607 3566 Auenahmeu
625 3511 682 3566 viel
693 3511 771 3566 deut·
826 3512 900 3566 bodio
914 3537 948 3558 =
962 3513 1069 3583 exodia,
1088 3514 1278 3580 Intermeaaos,
1291 3512 1384 3568 kleice

207 3581 296 3636 licher
309 3582 351 3636 als
370 3585 399 3637 in
411 3583 464 3637 den
479 3581 616 3638 Comitien
630 3583 687 3637 und
701 3581 771 3638 Con-
826 3581 1058 3652 Zwischenspiele
1076 3585 1212 3640 awischen
1231 3583 1299 3639 awei
1316 3583 1385 3638 Dra-

207 3655 313 3707 tionen.
350 3653 406 3709 Das
424 3654 601 3709 Verhtltniss
621 3655 671 3709 der
690 3655 771 3709 saue
824 3670 901 3721 men3
944 3655 996 3708 wir
1035 3655 1148 3710 ahnlieh
1189 3655 1385 3726 doppelsinnig

209 3725 248 3778 ist
268 3724 396 3778 desselbe
418 3726 471 3778 wie
494 3730 546 3780 105
570 3726 619 3780 sed
639 3725 772 3780 valebant
827 3725 1007 3782 ‘'Piacchen'.
1036 3725 1135 3781 Clodia
1153 3727 1206 3782 soll
1224 3743 1308 3795 gerne
1322 3742 1384 3780 aus·

209 3826 244 3836 —
258 3797 346 3849 erant.
362 3801 421 3849 142.
439 3797 442 3862 l
453 3798 573 3864 plausus
588 3798 677 3864 walis,
695 3800 773 3851 const
825 3797 953 3864 gelassen
980 3800 1094 3867 getanat
1125 3798 1223 3850 haben.
1248 3800 1252 3864 Ι
1274 3799 1322 3865 qui
1350 3829 1382 3838 -

210 3867 282 3920 auch
309 3865 412 3920 mortui
439 3867 552 3934 plausus
581 3870 662 3937 (126).
686 3869 689 3936 Ι
714 3885 771 3922 ma·
826 3869 983 3935 adiudha,
1002 3867 1044 3923 ale
1062 3885 1093 3922 cr
1106 3868 1155 3922 das
1169 3868 1235 3922 Fest
1248 3868 1298 3922 der
1311 3868 1385 3923 bona

209 3936 516 4006 aime=potissimum
540 3940 642 4007 stipsi
656 3941 769 4008 loquea-
824 3939 897 4007 Dea,
929 3939 1049 3994 welches
1076 3942 1158 3993 unter
1185 3939 1309 4008 Leitung
1334 3940 1384 3994 der

210 4015 264 4074 ira,
282 4008 347 4062 weil
362 4009 443 4074 favor
457 4007 505 4062 der
519 4009 686 4078 eigentliche
700 4010 769 4064 Aus-
823 4009 968 4079 Pompeia,
992 4010 1041 4064 der
1058 4010 1132 4064 Frau
1149 4011 1198 4065 des
1217 4011 1331 4080 Cacsar,
1354 4012 1383 4064 in

210 4080 297 4133 druch
320 4079 364 4132 fiir
386 4079 440 4132 den
462 4078 563 4134 Beifall
585 4081 625 4136 im
649 4082 770 4136 Theater
823 4081 920 4136 dassen
937 4081 1032 4135 Haase
1051 4081 1169 4152 gefeiert
1185 4082 1289 4150 wurde,
1307 4099 1331 4137 a.
1350 4088 1383 4136 62

210 4166 275 4204 wer.
293 4153 296 4218 Ι
316 4155 438 4216 mortam
466 4150 501 4204 de
528 4150 573 4205 off.
602 4159 633 4218 2,
660 4158 693 4207 69
720 4169 770 4221 pa·
823 4151 982 4206 entweihte.
1000 4154 1004 4220 Ι
1019 4153 1096 4206 seriel
1120 4153 1232 4208 beaieht
1253 4153 1313 4207 sich
1336 4154 1387 4206 aul

208 4220 326 4274 trucinio
354 4238 384 4276 se
411 4237 475 4276 usos
502 4223 553 4276 eut
579 4221 695 4278 clientes
720 4240 770 4292 ap·
823 4223 1042 4295 uec-effaqit.l
1060 4223 1178 4278 Virtutis
1186 4227 1278 4290 tonos,
1291 4223 1383 4278 Wort·

209 4290 309 4360 pellari
344 4293 442 4347 mortis
473 4293 562 4346 instar
592 4296 705 4362 pataria
742 4312 769 4362 p.
824 4293 904 4362 spiel.
936 4292 993 4348 Das
1012 4296 1085 4350 crete
1104 4293 1333 4350 senatusconsult
1351 4314 1383 4349 au

209 4361 312 4416 Flacco
326 4368 358 4416 19
377 4363 504 4418 homines
517 4380 573 4428 eos,
592 4363 692 4432 quibus
706 4365 770 4420 odio
824 4363 949 4420 cunscen
968 4353 1017 4421 des
1032 4365 1128 4421 Cicero
1147 4370 1209 4431 (128
1224 4368 1273 4435 m.)
1287 4367 1383 4422 wurde

207 4434 274 4486 suut
291 4437 403 4489 nostrae
426 4451 548 4501 secures,
573 4449 674 4488 nomeu
693 4451 770 4492 acor-
823 4435 863 4489 im
895 4436 1012 4505 Tempel
1045 4437 1093 4490 des
1118 4437 1214 4491 Honos
1244 4437 1301 4492 und
1333 4439 1382 4492 der
